;; -*- mode: ledger; coding: utf-8 -*-

2025-06-03 * 111 Wage
    Assets:FR:BforBank:Compte-Courant    EUR 6667.11
    Income:FR:111Capital:Salary

* Cash transactions
2025-06-04 * Charity
    Expenses:GiftsCharity:Charity           EUR 0.35
    Assets:FR:Cash

2025-06-07 * Pain au chocolat
    Expenses:Food:Snack                     EUR 1.30
    Assets:FR:Cash

2025-06-07 * Therapy
    Expenses:Health:Doctor                   EUR 120
    Assets:FR:Cash

2025-06-09 * Cigarettes
    Expenses:Cigarettes                       EUR 13
    Assets:FR:Cash

2025-06-14 * Therapy
    Expenses:Health:Doctor                    EUR 60
    Assets:FR:Cash

2025-06-16 * Baguette
    Expenses:Food:Groceries                 EUR 1.35
    Assets:FR:Cash

2025-06-22 * Hairdresser
    Expenses:PersonalCare:Hair                EUR 15
    Assets:FR:Cash

2025-06-22 * Ice Cream
    Expenses:Food:Snack                     EUR 4.50
    Assets:FR:Cash

* BforBank transactions
2025-06-01 * Rent Citeaux
    Expenses:Home:Rent                      EUR 1330
    Assets:FR:BforBank:Compte-Courant

2025-06-02 * Navigo
    Expenses:Transportation:PublicTransport  EUR 88.80
    Assets:FR:BforBank:Compte-Courant

2025-06-02 * Cigarettes
    Expenses:Cigarettes                       EUR 13
    Assets:FR:BforBank:Compte-Courant

2025-06-03 * Drinks with Aurelie La Place
    Expenses:Entertainment:Social:Bars     EUR 32.10
    Assets:FR:BforBank:Compte-Courant

2025-06-04 * Cigarettes
    Expenses:Cigarettes                    EUR 13.20
    Assets:FR:BforBank:Compte-Courant

2025-06-05 * MacroFactor subscription
    Expenses:Subscriptions:Software        EUR 13.99
    Assets:FR:BforBank:Compte-Courant

2025-06-05 * ChatGPT for mum
    Expenses:GiftsCharity:Gifts            EUR 21.99
    Assets:FR:BforBank:Compte-Courant

2025-06-06 * Cigarettes
    Expenses:Cigarettes                    EUR 13.20
    Assets:FR:BforBank:Compte-Courant

2025-06-07 * Cigarettes
    Expenses:Cigarettes                       EUR 13
    Assets:FR:BforBank:Compte-Courant

2025-06-07 * Carrefour City
    Expenses:Food:Groceries                 EUR 3.24
    Assets:FR:BforBank:Compte-Courant

2025-06-07 * Cash withdrawal
    Assets:FR:Cash                           EUR 120
    Assets:FR:BforBank:Compte-Courant

2025-06-08 * Bomber game google play
    Expenses:Entertainment:Digital         EUR 14.99
    Assets:FR:BforBank:Compte-Courant

2025-06-08 * Transfer
    Assets:FR:BoursoBank:Compte-Courant       EUR 20
    Assets:FR:BforBank:Compte-Courant

2025-06-09 * Cigarettes
    Expenses:Cigarettes                       EUR 13
    Assets:FR:BforBank:Compte-Courant

2025-06-09 * Hellofresh
    Expenses:Food:Groceries                EUR 48.94
    Assets:FR:BforBank:Compte-Courant

2025-06-09 * Cigarettes
    Expenses:Cigarettes                       EUR 13
    Assets:FR:BforBank:Compte-Courant

2025-06-10 * Refund EDF
    Assets:FR:BforBank:Compte-Courant      EUR 80.39
    Expenses:Home:Utilities:Electricity

2025-06-10 * Cafe Nuances with Isky
    Expenses:Food:Cafe                     EUR 10.98
    Assets:FR:BforBank:Compte-Courant

2025-06-11 * Cigarettes
    Expenses:Cigarettes                       EUR 13
    Assets:FR:BforBank:Compte-Courant

2205-06-12 * Cigarettes
    Expenses:Cigarettes                       EUR 13
    Assets:FR:BforBank:Compte-Courant

2025-06-12 * Fisherman's Friend
    Expenses:Food:Snack                        EUR 2
    Assets:FR:BforBank:Compte-Courant

2025-06-12 * Carrefour City
    Expenses:Food:Groceries                 EUR 5.92
    Assets:FR:BforBank:Compte-Courant

2025-06-13 * Amex Settlement
    Liabilities:FR:Amex:Gold             EUR 1144.58
    Assets:FR:BforBank:Compte-Courant

2025-06-13 * Revolut transfer
    Assets:UK:Revolut:Personal:EUR           EUR 100
    Assets:FR:BforBank:Compte-Courant

2025-06-13 * Cafe Nuances with Sym
    Expenses:Food:Cafe                         EUR 9
    Assets:FR:BforBank:Compte-Courant

2025-06-14 * Hellofresh
    Expenses:Food:Groceries                EUR 48.94
    Assets:FR:BforBank:Compte-Courant

2025-06-14 * Hellofresh refund
    Assets:FR:BforBank:Compte-Courant      EUR 48.94
    Expenses:Food:Groceries

2025-06-14 * Cash withdrawal
    Assets:FR:Cash                            EUR 60
    Assets:FR:BforBank:Compte-Courant

2025-06-15 * Velib
    Expenses:Transportation:Bikesharing        EUR 4
    Assets:FR:BforBank:Compte-Courant

2025-06-16 * Cigarettes
    Expenses:Cigarettes                       EUR 13
    Assets:FR:BforBank:Compte-Courant

2025-06-16 * Cigarettes
    Expenses:Cigarettes                       EUR 13
    Assets:FR:BforBank:Compte-Courant

2025-06-16 * Cafe Nuances
    Expenses:Food:Cafe                      EUR 6.75
    Assets:FR:BforBank:Compte-Courant

2025-06-16 * Cigarettes
    Expenses:Cigarettes                       EUR 13
    Assets:FR:BforBank:Compte-Courant

2025-06-17 * Vinted sales
    Assets:FR:BforBank:Compte-Courant      EUR 77.25
    Income:FR:Resale:Vinted

2025-06-18 * Cigarettes
    Expenses:Cigarettes                       EUR 13
    Assets:FR:BforBank:Compte-Courant

2025-06-19 * Cigarettes
    Expenses:Cigarettes                       EUR 13
    Assets:FR:BforBank:Compte-Courant

2025-06-20 * Game play store
    Expenses:Entertainment:Digital          EUR 7.99
    Assets:FR:BforBank:Compte-Courant

2025-06-20 Taxi G7 to Padel
    Expenses:Transportation:Taxi           EUR 11.40
    Assets:FR:BforBank:Compte-Courant

2025-06-21 * Brunch Titi Palacio with Aurelie
    Expenses:Food:Restaurants                 EUR 76
    Assets:FR:BforBank:Compte-Courant

2025-06-21 Cash withdrawal
    Assets:FR:Cash                            EUR 20
    Assets:FR:BforBank:Compte-Courant

2025-06-23 Revolut transfer
    Assets:UK:Revolut:Personal:EUR           EUR 100
    Assets:FR:BforBank:Compte-Courant

* Boursorama transactions
2025-06-20 * Deliveroo fees
    Expenses:Food:OfficeLunch               EUR 1.60
    Assets:FR:BoursoBank:Compte-Courant

* Revolut transactions
2025-06-01 * Cafe Plage Touquet
    Expenses:Food:Cafe                      EUR 5.60
    Assets:UK:Revolut:Personal:EUR

2025-06-01 * Rental Padel
    Expenses:Entertainment:Social:Sports   EUR 18.50
    Assets:UK:Revolut:Personal:EUR

2025-06-02 * Cafe Nuances
    Expenses:Food:Cafe                      EUR 4.50
    Assets:UK:Revolut:Personal:EUR

2025-06-03 * Pain au chocolat
    Expenses:Food:Snack                     EUR 1.70
    Assets:UK:Revolut:Personal:EUR

2025-06-04 * Financier Kayser
    Expenses:Food:Snack                     EUR 3.60
    Assets:UK:Revolut:Personal:EUR

2025-06-07 * Beeminder fine
    Expenses:Subscriptions:Software         EUR 4.45
    Assets:UK:Revolut:Personal:EUR

2025-06-09 * Beeminder fine
    Expenses:Subscriptions:Software         EUR 8.82
    Assets:UK:Revolut:Personal:EUR

2025-06-10 * Beeminder fine
    Expenses:Subscriptions:Software         EUR 4.40
    Assets:UK:Revolut:Personal:EUR

2025-06-13 * Lebara mobile
    Expenses:Home:Utilities:MobilePhone     EUR 5.90
    Assets:UK:Revolut:Personal:EUR

2025-06-14 * Cafe and Pain au chocolat
    Expenses:Food:Cafe                      EUR 3.30
    Assets:UK:Revolut:Personal:EUR

2025-06-14 * Ice Cream Creme Vincennes
    Expenses:Food:Snack                        EUR 4
    Assets:UK:Revolut:Personal:EUR

2025-06-14 * Javey Bistrot
    Expenses:Entertainment:Social:Bars     EUR 15.50
    Assets:UK:Revolut:Personal:EUR

2025-06-16 * Beeminder fine
    Expenses:Subscriptions:Software         EUR 4.34
    Assets:UK:Revolut:Personal:EUR

2025-06-19 * Drinks with Aurelie
    Expenses:Entertainment:Social:Bars        EUR 33
    Assets:UK:Revolut:Personal:EUR

2025-06-20 * Cigarettes
    Expenses:Cigarettes                       EUR 13
    Assets:UK:Revolut:Personal:EUR

2025-06-21 * Water bottles Carrefour City
    Expenses:Food:Groceries                    EUR 4
    Assets:UK:Revolut:Personal:EUR

2025-06-22 * Beeminder fine
    Expenses:Subscriptions:Software         EUR 4.40
    Assets:UK:Revolut:Personal:EUR

2025-06-23 * Beeminder fine
    Expenses:Subscriptions:Software        EUR 13.14
    Assets:UK:Revolut:Personal:EUR

2025-06-23 * Cigarettes
    Expenses:Cigarettes                       EUR 13
    Assets:UK:Revolut:Personal:EUR

2025-06-23 * Cafe Nuances
    Expenses:Food:Cafe                      EUR 6.75
    Assets:UK:Revolut:Personal:EUR

* Amex Gold transactions
2025-06-04 * Deliveroo Gourou
    Expenses:Food:Delivery                 EUR 34.99
    Liabilities:FR:Amex:Gold

2025-06-04 * Deliveroo fees
    Expenses:Food:OfficeLunch               EUR 1.90
    Liabilities:FR:Amex:Gold

2025-06-05 * Restaurant Le Petit Verdot
    Expenses:Food:Restaurants              EUR 98.34
    Liabilities:FR:Amex:Gold

2025-06-05 * R2 Training
    Expenses:Health:Gym                      EUR 179
    Liabilities:FR:Amex:Gold

2025-06-05 * Uber from Le Petit Verdot
    Expenses:Transportation:Taxi           EUR 25.94
    Liabilities:FR:Amex:Gold

2025-06-06 * Amex subscription
    Expenses:Fees:CreditCard                  EUR 16
    Liabilities:FR:Amex:Gold

2025-06-06 * Gift Henri Tour d'Ivoire
    Expenses:GiftsCharity:Gifts            EUR 11.90
    Liabilities:FR:Amex:Gold

2025-06-08 * Padel booking
    Expenses:Entertainment:Social:Sports      EUR 50
    Liabilities:FR:Amex:Gold

2025-06-08 * Jardin d'Acclimation games
    Expenses:Entertainment                    EUR 18
    Liabilities:FR:Amex:Gold

2025-06-09 * Deliveroo water bottles
    Expenses:Food:Groceries                EUR 10.27
    Liabilities:FR:Amex:Gold

2025-06-09 * Deliveroo fees
    Expenses:Food:OfficeLunch               EUR 2.22
    Liabilities:FR:Amex:Gold

2025-06-13 * Deliveroo Ice Cream
    Expenses:GiftsCharity:Gifts            EUR 30.49
    Liabilities:FR:Amex:Gold

2025-06-15 * Deliveroo Chez Antoine
    Expenses:Food:Delivery                 EUR 18.81
    Liabilities:FR:Amex:Gold

2025-06-17 * Dott bike to Vincennes
    Expenses:Transportation:Bikesharing    EUR 12.20
    Liabilities:FR:Amex:Gold

2025-06-20 * Padel racket rental
    Expenses:Entertainment:Social:Sports       EUR 8
    Liabilities:FR:Amex:Gold

2025-06-20 * Deliveroo Five Guys
    Expenses:Food:OfficeLunch              EUR 11.48
    Liabilities:FR:Amex:Gold

2025-06-20 * Exercise balls for Mum
    Expenses:GiftsCharity:Gifts            EUR 21.99
    Liabilities:FR:Amex:Gold

2025-06-21 * Dott bike pass
    Expenses:Transportation:Bikesharing     EUR 4.99
    Liabilities:FR:Amex:Gold
