;; -*- mode: ledger; coding: utf-8 -*-

* BforBank transactions
2025-12-02 * Navigo
    Expenses:Transportation:PublicTransport  EUR 88.80
    Assets:FR:BforBank:Compte-Courant

2025-12-04 * Cash withdrawal
    Assets:Cash:EUR                           EUR 20
    Assets:FR:BforBank:Compte-Courant

2025-12-05 * MacroFactor subscription
    Expenses:Subscriptions:Software        EUR 13.99
    Assets:FR:BforBank:Compte-Courant

2025-12-05 * Taxi
    Expenses:Transportation:Taxi           EUR 17.20
    Assets:FR:BforBank:Compte-Courant

2025-12-05 * Shiva  ; claim-tax:
    Expenses:Home:Maintenance             EUR 249.60
    Assets:FR:BforBank:Compte-Courant

2025-12-08 * Cash withdrawal
    Assets:Cash:EUR                          EUR 600
    Assets:FR:BforBank:Compte-Courant

2025-12-08 * Franprix
    Expenses:Food:Groceries                 EUR 6.23
    Assets:FR:BforBank:Compte-Courant

2025-12-11 * Mum settlement
    Assets:FR:BforBank:Compte-Courant        EUR 250
    Assets:Receivables:Mum

2025-12-13 * Fitness Park
    Expenses:Health:Gym                       EUR 60
    Assets:FR:BforBank:Compte-Courant

2025-12-13 * Cash withdrawal
    Assets:Cash:EUR                          EUR 120
    Assets:FR:BforBank:Compte-Courant  ; date: 2025-11-16

2025-12-14 * Cash withdrawal
    Assets:Cash:EUR                           EUR 20
    Assets:FR:BforBank:Compte-Courant  ; date: 2025-11-16

2025-12-15 * Cash withdrawal
    Assets:Cash:EUR                           EUR 20
    Assets:FR:BforBank:Compte-Courant  ; date: 2025-11-16

2025-12-15 * Le 164
    Expenses:Entertainment:Social:Bars        EUR 18
    Assets:FR:BforBank:Compte-Courant

2025-12-19 * Cigarettes
    Expenses:Cigarettes                       EUR 13
    Assets:FR:BforBank:Compte-Courant

2025-12-20 * 111 Cap severance package
    Assets:FR:BforBank:Compte-Courant  EUR 48,810.31
    Income:FR:111Capital:Salary

2025-12-20 * Cash withdrawal
    Assets:Cash:EUR                           EUR 20
    Assets:FR:BforBank:Compte-Courant

2025-12-22 * Refund taxi 111
    Assets:FR:BforBank:Compte-Courant      EUR 22.94
    Income:FR:111Capital:Salary

2025-12-23 * Cash withdrawal
    Assets:Cash:EUR                           EUR 20
    Assets:FR:BforBank:Compte-Courant

2025-12-23 * Cash withdrawal
    Assets:Cash:EUR                           EUR 60
    Assets:FR:BforBank:Compte-Courant

2025-12-23 * Pharmacie Vincennes Saint Mande  ; aurelie:
    Expenses:Health:Pharmacy               EUR 15.90
    Assets:FR:BforBank:Compte-Courant

2025-12-24 * Stage TC12
    Expenses:Health:Sport:Tennis             EUR 240
    Assets:FR:BforBank:Compte-Courant       EUR -240
    Expenses:Health:Sport:Tennis            EUR -120
    Liabilities:Payables:Aurelie             EUR 120

2025-12-24 * Cash withdrawal
    Assets:Cash:EUR                           EUR 20
    Assets:FR:BforBank:Compte-Courant

2025-12-30 * SFR
    Expenses:Home:Utilities:MobilePhone    EUR 11.99
    Assets:FR:BforBank:Compte-Courant

* Boursobank transactions
2025-12-02 * Transfer to BforBank
    Assets:FR:BforBank:Compte-Courant      EUR 79.19
    Assets:FR:BoursoBank:Compte-Courant

2025-12-03 * Deliveroo fees
    Expenses:Food:OfficeLunch               EUR 1.74
    Assets:FR:BoursoBank:Compte-Courant

2025-12-07 * Dryer for bed linen
    Expenses:Home:Maintenance               EUR 1.30
    Assets:FR:BoursoBank:Compte-Courant

2025-12-07 * Dryer for bed linen
    Expenses:Home:Maintenance               EUR 1.30
    Assets:FR:BoursoBank:Compte-Courant

* Cash expenses
2025-12-02 * Charity
    Expenses:GiftsCharity:Charity              EUR 1
    Assets:Cash:EUR

2025-12-04 * Charity
    Expenses:GiftsCharity:Charity              EUR 2
    Assets:Cash:EUR

2025-12-07 * Cash
    Expenses:Home:Improvements              EUR 1400
    Assets:Cash:EUR                        EUR -1400
    Expenses:Home:Improvements              EUR -700
    Liabilities:Payables:Aurelie             EUR 700

2025-12-07 * Van hire Nadir
    Expenses:Home                             EUR 75
    Assets:Cash:EUR

2025-12-07 * Sold TV
    Assets:Cash:EUR                          EUR 250
    Income:Resale

2025-12-07 * Cigarettes
    Expenses:Cigarettes                       EUR 13
    Assets:Cash:EUR

2025-12-08 * Treatment
    Expenses:PersonalCare:Discretionary      EUR 180
    Assets:Cash:EUR

2025-12-08 * Yoojo cartons
    Expenses:Home                             EUR 10
    Assets:Cash:EUR                          EUR -10

2025-12-12 * Cali class with Kevin
    Expenses:GiftsCharity:Gifts               EUR 15  ; aurelie:
    Expenses:Health:Gym                       EUR 35
    Assets:Cash:EUR                          EUR -50

2025-12-13 * Therapy
    Expenses:Health:Therapy                  EUR 120
    Assets:Cash:EUR

2025-12-14 * Hairdresser
    Expenses:PersonalCare:Hair             EUR 12.95
    Assets:Cash:EUR

2025-12-15 * Cigarettes
    Expenses:Cigarettes                       EUR 13
    Assets:Cash:EUR

2025-12-20 * Cigarettes
    Expenses:Cigarettes                       EUR 13
    Assets:Cash:EUR

2025-12-20 * Therapy
    Expenses:Health:Therapy                   EUR 60
    Assets:Cash:EUR

2025-12-23 * Cigarettes
    Expenses:Cigarettes                       EUR 13
    Assets:Cash:EUR

2025-12-24 * Cigarettes
    Expenses:Cigarettes                       EUR 13
    Assets:Cash:EUR

* CCF transactions
2025-12-01 * Fees CCF
    Expenses:Finance:Bank                   EUR 8.75
    Assets:FR:CCF:Compte-Courant

2025-12-01 * Transfer to joint-account
    Assets:FR:CCF:Compte-Joint            EUR 304.14
    Assets:FR:CCF:Compte-Courant

2025-12-03 * 111 Cap wages
    Assets:FR:CCF:Compte-Courant         EUR 6371.58
    Income:FR:111Capital:Salary

2025-12-09 * Transfer to joint-account
    Assets:FR:CCF:Compte-Joint                EUR 50
    Assets:FR:CCF:Compte-Courant

2025-12-16 * EDF
    Expenses:Home:Utilities:Electricity    EUR 34.89
    Assets:FR:CCF:Compte-Courant

* Revolut EUR transactions
2025-12-01 * Cigarettes
    Expenses:Cigarettes                       EUR 13
    Assets:UK:Revolut:Personal:EUR

2025-12-01 * Cafe
    Expenses:Food:Cafe                      EUR 1.40
    Assets:UK:Revolut:Personal:EUR

2025-12-02 * Transfer to mum
    Assets:Receivables:Mum                   EUR 100
    Assets:UK:Revolut:Personal:EUR

2025-12-02 * Cigarettes
    Expenses:Cigarettes                       EUR 13
    Assets:UK:Revolut:Personal:EUR

2025-12-02 * Monoprix
    Expenses:Food:Groceries                 EUR 2.50
    Assets:UK:Revolut:Personal:EUR

2025-12-02 * La Parisienne
    Expenses:Food:FastFood                    EUR 17
    Assets:UK:Revolut:Personal:EUR

2025-12-03 * Carrefour
    Expenses:Food:Groceries                 EUR 3.34
    Assets:UK:Revolut:Personal:EUR

2024-12-03 * Cigarettes
    Expenses:Cigarettes                       EUR 13
    Assets:UK:Revolut:Personal:EUR

2025-12-05 * Casa Cafe
    Expenses:Food:Cafe                      EUR 8.40
    Assets:UK:Revolut:Personal:EUR

2025-12-05 * Transfer to mum
    Assets:Receivables:Mum                   EUR 150
    Assets:UK:Revolut:Personal:EUR

2025-12-05 * Cigarettes
    Expenses:Cigarettes                       EUR 13
    Assets:UK:Revolut:Personal:EUR

2025-12-06 * Cigarettes
    Expenses:Cigarettes                       EUR 13
    Assets:UK:Revolut:Personal:EUR

2025-12-06 * Fisherman's Friend
    Expenses:Food:Snack                     EUR 2.50
    Assets:UK:Revolut:Personal:EUR

2025-12-06 * Franprix
    Expenses:Food:Groceries                EUR 12.68
    Assets:UK:Revolut:Personal:EUR

2025-12-07 * Franprix
    Expenses:Food:Groceries                EUR 28.51
    Assets:UK:Revolut:Personal:EUR

2025-12-07 * OpenAI
    Expenses:Subscriptions:Software        EUR 19.17
    Assets:UK:Revolut:Personal:EUR

2025-12-08 * Cafe Nuances
    Expenses:Food:Cafe                      EUR 4.50
    Assets:UK:Revolut:Personal:EUR

2025-12-09 * Cigarettes
    Expenses:Cigarettes                       EUR 13
    Assets:UK:Revolut:Personal:EUR

2025-12-09 * Le Rubis
    Expenses:Entertainment:Social:Bars     EUR 18.80
    Assets:UK:Revolut:Personal:EUR

2025-12-10 * Cigarettes
    Expenses:Cigarettes                       EUR 13
    Assets:UK:Revolut:Personal:EUR

2025-12-11 * Cafe Nuances
    Expenses:Food:Cafe                         EUR 5
    Assets:UK:Revolut:Personal:EUR

2025-12-11 * Cigarettes
    Expenses:Cigarettes                       EUR 13
    Assets:UK:Revolut:Personal:EUR

2025-12-11 * Franprix
    Expenses:Food:Groceries                 EUR 7.35
    Assets:UK:Revolut:Personal:EUR

2025-12-12 * Cigarettes
    Expenses:Cigarettes                       EUR 13
    Assets:UK:Revolut:Personal:EUR

2025-12-13 * Cafe and pain suisse
    Expenses:Food:Cafe                      EUR 3.20
    Assets:UK:Revolut:Personal:EUR

2025-12-13 * Cigarettes
    Expenses:Cigarettes                       EUR 13
    Assets:UK:Revolut:Personal:EUR

2025-12-13 * Cafe
    Expenses:Food:Cafe                      EUR 2.30
    Assets:UK:Revolut:Personal:EUR

2025-12-14 * Cigarettes
    Expenses:Cigarettes                       EUR 13
    Assets:UK:Revolut:Personal:EUR

2025-12-15 * Boulanger Magali
    Expenses:Food:Groceries                 EUR 6.06
    Assets:UK:Revolut:Personal:EUR

2025-12-15 * Franprix
    Expenses:Food:Groceries                EUR 10.49
    Assets:UK:Revolut:Personal:EUR

2025-12-17 * Cigarettes
    Expenses:Cigarettes                       EUR 13
    Assets:UK:Revolut:Personal:EUR

2025-12-17 * Creperie
    Expenses:Food:Groceries                    EUR 4
    Assets:UK:Revolut:Personal:EUR

2025-12-20 * Cigarettes
    Expenses:Cigarettes                       EUR 13
    Assets:UK:Revolut:Personal:EUR

2025-12-20 * Maison B&B
    Expenses:Food:Cafe                      EUR 3.70
    Assets:UK:Revolut:Personal:EUR

2025-12-20 * Boulanger Magali
    Expenses:Food:Groceries                 EUR 7.66
    Assets:UK:Revolut:Personal:EUR

2025-12-21 * Laundry for bed linen
    Expenses:Home:Maintenance               EUR 4.50
    Assets:UK:Revolut:Personal:EUR

2025-12-21 * Cigarettes
    Expenses:Cigarettes                       EUR 13
    Assets:UK:Revolut:Personal:EUR

2025-12-21 * Fisherman's Friend
    Expenses:Food:Snack                     EUR 2.50
    Assets:UK:Revolut:Personal:EUR

2025-12-21 * Dryer for bed linen
    Expenses:Home:Maintenance               EUR 1.30
    Assets:UK:Revolut:Personal:EUR

2025-12-21 * Dryer for bed linen
    Expenses:Home:Maintenance               EUR 1.30
    Assets:UK:Revolut:Personal:EUR

2025-12-22 * Carrefour
    Expenses:Food:Groceries                EUR 12.27
    Assets:UK:Revolut:Personal:EUR

2025-12-24 * Franprix
    Expenses:Food:Groceries                EUR 22.21
    Assets:UK:Revolut:Personal:EUR

2025-12-25 * Cigarettes
    Expenses:Cigarettes                       EUR 13
    Assets:UK:Revolut:Personal:EUR

2025-12-26 * Relay
    Expenses:Food:Snack                        EUR 5
    Assets:UK:Revolut:Personal:EUR

2025-12-26 * Cigarettes
    Expenses:Cigarettes                       EUR 13
    Assets:UK:Revolut:Personal:EUR

2025-12-27 * Poppie
    Expenses:Food:Cafe                         EUR 3
    Assets:UK:Revolut:Personal:EUR

2025-12-28 * Padel rackets & balls rental  ; aurelie:
    Expenses:Entertainment:Social:Sports      EUR 18.50
    Assets:UK:Revolut:Personal:EUR

2025-12-28 * Poppie  ; aurelie:
    Expenses:Food:Cafe                     EUR 15.60
    Assets:UK:Revolut:Personal:EUR

2025-12-28 * Mignardises
    Expenses:Food:Snack                     EUR 3.08
    Assets:UK:Revolut:Personal:EUR

2025-12-29 * Cigarettes
    Expenses:Cigarettes                       EUR 13
    Assets:UK:Revolut:Personal:EUR

2025-12-30 * Carrefour
    Expenses:Food:Groceries                 EUR 8.68
    Assets:UK:Revolut:Personal:EUR

2025-12-31 * Carrefour
    Expenses:Food:Groceries                EUR 46.20
    Assets:UK:Revolut:Personal:EUR

* Revolut GBP transactions
2025-12-05 * Beeminder fine
    Expenses:Subscriptions:Software         GBP 3.77
    Assets:UK:Revolut:Personal:GBP

2025-12-07 * Revolut premium account
    Expenses:Finance:Bank                   GBP 7.99
    Assets:UK:Revolut:Personal:GBP

2025-12-10 * Lebara mobile
    Expenses:Home:Utilities:MobilePhone        GBP 5
    Assets:UK:Revolut:Personal:GBP

2025-12-15 * Beeminder fine
    Expenses:Subscriptions:Software         GBP 3.76
    Assets:UK:Revolut:Personal:GBP

* Amex transactions
2025-12-01 * Joseph Joseph  ; flat-vincennes:
    Expenses:Home:Furniture               EUR 134.40
    Liabilities:FR:Amex:Gold

2025-12-01 * YooJo moving hire
    Expenses:Home                             EUR 96
    Liabilities:FR:Amex:Gold

2025-12-01 * Gaia Torrefacteur
    Expenses:Food:Cafe                         EUR 4
    Liabilities:FR:Amex:Gold

2025-12-02 * Adidas shoes bag
    Expenses:Shopping:Sport                EUR 12.99
    Liabilities:FR:Amex:Gold

2025-12-02 * WWW.VELIB-METROPOLE.FR
    Expenses:Transportation:Bikesharing        EUR 4
    Liabilities:FR:Amex:Gold

2025-12-03 * Restaurant Trader's
    Expenses:Entertainment:Social:Bars       EUR 300
    Liabilities:FR:Amex:Gold

2025-12-05 * Uber
    Expenses:Transportation:Taxi           EUR 16.95
    Liabilities:FR:Amex:Gold              EUR -16.95
    Expenses:Transportation:Taxi           EUR -8.48
    Liabilities:Payables:Aurelie            EUR 8.48

2025-12-05 * Uber
    Expenses:Transportation:Taxi           EUR 12.94
    Liabilities:FR:Amex:Gold              EUR -12.94
    Expenses:Transportation:Taxi           EUR -6.47
    Liabilities:Payables:Aurelie            EUR 6.47

2025-12-05 * Deliveroo
    Expenses:Food:Delivery                  EUR 6.69
    Liabilities:FR:Amex:Gold

2025-12-05 * R2 Training
    Expenses:Health:Gym                      EUR 179
    Liabilities:FR:Amex:Gold

2025-12-06 * Amex subscription
    Expenses:Finance:CreditCard               EUR 16
    Liabilities:FR:Amex:Gold

2025-12-06 * Nike Retail BV Paris
    Liabilities:FR:Amex:Gold              EUR 102.98
    Expenses:Shopping:Clothes

2025-12-06 * Leroy-Merlin cleaning products  ; flat-vincennes:
    Expenses:Home:Maintenance              EUR 38.94
    Liabilities:FR:Amex:Gold              EUR -38.94
    Expenses:Home:Maintenance             EUR -19.47
    Liabilities:Payables:Aurelie           EUR 19.47

2025-12-06 * Deliveroo
    Expenses:Food:FastFood                 EUR 26.84
    Liabilities:FR:Amex:Gold

2025-12-06 * Franprix cleaning products
    Expenses:Home:Maintenance              EUR 13.20
    Liabilities:FR:Amex:Gold

2025-12-07 * Leroy Merlin  ; flat-vincennes
    Expenses:Home:Furniture               EUR 114.37
    Liabilities:FR:Amex:Gold             EUR -114.37
    Expenses:Home:Furniture               EUR -57.20
    Liabilities:Payables:Aurelie           EUR 57.20

2025-12-09 * Deliveroo
    Expenses:Food:Delivery                 EUR 19.35
    Liabilities:FR:Amex:Gold

2025-12-10 * Amex settlement
    Liabilities:FR:Amex:Gold             EUR 1771.15
    Assets:FR:CCF:Compte-Courant

2025-12-11 * Orel Service  ; flat-vincennes:
    Expenses:Home:Maintenance            EUR 2209.90
    Liabilities:FR:Amex:Gold

2025-12-12 * Le Caracal Saint Mande  ; aurelie:
    Expenses:Entertainment:Social:Bars     EUR 18.50
    Liabilities:FR:Amex:Gold

2025-12-12 * Ikea France Paris  ; flat-vincennes:
    Expenses:Home:Furniture              EUR 1012.95
    Liabilities:FR:Amex:Gold            EUR -1012.95
    Expenses:Home:Furniture              EUR -506.48
    Liabilities:Payables:Aurelie          EUR 506.48

2025-12-12 * Dott pass
    Expenses:Transportation:Bikesharing     EUR 5.99
    Liabilities:FR:Amex:Gold

2025-12-12 * Dott ride
    Expenses:Transportation:Bikesharing     EUR 1.75
    Liabilities:FR:Amex:Gold

2025-12-12 * Deliveroo Fees
    Expenses:Food:OfficeLunch               EUR 2.15
    Liabilities:FR:Amex:Gold

2025-12-12 * Dott ride
    Expenses:Transportation:Bikesharing     EUR 1.75
    Liabilities:FR:Amex:Gold

2025-12-14 * Dott ride
    Expenses:Transportation:Bikesharing     EUR 1.75
    Liabilities:FR:Amex:Gold

2025-12-16 * H Kitchen
    Expenses:Food:Restaurants                 EUR 80
    Liabilities:FR:Amex:Gold

2025-12-16 * Dott ride
    Expenses:Transportation:Bikesharing     EUR 1.75
    Liabilities:FR:Amex:Gold

2025-12-16 * Anti-vibration pads  ; flat-vincennes:
    Expenses:Home:Maintenance              EUR 10.98
    Liabilities:FR:Amex:Gold              EUR -10.98
    Expenses:Home:Maintenance              EUR -5.49
    Liabilities:Payables:Aurelie            EUR 5.49

2025-12-16 * Washing machine filter  ; flat-vincennes:
    Expenses:Home:Maintenance              EUR 19.97
    Liabilities:FR:Amex:Gold              EUR -19.97
    Expenses:Home:Maintenance              EUR -9.98
    Liabilities:Payables:Aurelie            EUR 9.98

2025-12-18 * Deliveroo fee
    Expenses:Food:Delivery                  EUR 1.98
    Liabilities:FR:Amex:Gold

2025-12-19 * Carrefour
    Expenses:Food:Groceries                EUR 24.79
    Liabilities:FR:Amex:Gold

2025-12-19 * Uber trip to work
    Expenses:Transportation:Taxi           EUR 22.94
    Liabilities:FR:Amex:Gold

2025-12-19 * Leroy Merlin  ; flat-vincennes:
    Expenses:Home:Maintenance              EUR 66.87
    Liabilities:FR:Amex:Gold              EUR -66.87
    Expenses:Home:Maintenance             EUR -33.44
    Liabilities:Payables:Aurelie           EUR 33.44

2025-12-20 * Champagne tasting
    Expenses:Entertainment:Social:Bars       EUR 100
    Liabilities:FR:Amex:Gold

2025-12-23 * Decathlon gifts
    ; racket for Arnaud and racket bag for Aurelie
    Expenses:GiftsCharity:Gifts            EUR 68.98
    Liabilities:FR:Amex:Gold

2025-12-23 * Leroy Merlin  ; flat-vincennes:
    Expenses:Home:Maintenance              EUR 35.52
    Liabilities:FR:Amex:Gold              EUR -35.52
    Expenses:Home:Maintenance             EUR -17.76
    Liabilities:Payables:Aurelie           EUR 17.76

2025-12-23 * Deliveroo
    Expenses:Food:Delivery                 EUR 33.64
    Liabilities:FR:Amex:Gold

2025-12-24 * Decathlon xmas gift
    Expenses:GiftsCharity:Gifts              EUR -10
    Liabilities:FR:Amex:Gold                  EUR 10

2025-12-26 * Bathroom sink organisers
    Expenses:Home                          EUR 88.98
    Liabilities:FR:Amex:Gold              EUR -88.98
    Expenses:Home                         EUR -44.49
    Liabilities:Payables:Aurelie           EUR 44.49

2025-12-29 * Deliveroo
    Expenses:Food:Delivery                 EUR 32.79
    Liabilities:FR:Amex:Gold

2025-12-29 * Kitchen sink organiser
    Expenses:Home                          EUR 59.99
    Liabilities:FR:Amex:Gold              EUR -59.99
    Expenses:Home                            EUR -30
    Liabilities:Payables:Aurelie              EUR 30

2025-12-30 * Deliveroo
    Expenses:Food:Delivery                 EUR 19.03
    Liabilities:FR:Amex:Gold


* Other liabilities
2025-12-05 * Decoplus additional order  ; flat-vincennes:
    Expenses:Home:Improvements            EUR 410.24
    Expenses:Home:Improvements            EUR -205.12
    Liabilities:Payables:Aurelie

2025-12-08 * Yoojo cartons  ; flat-vincennes:
    Expenses:Home                             EUR 48
    Expenses:Home                            EUR -24
    Liabilities:Payables:Aurelie

2025-12-09 * Justine Christmas Gift
    Expenses:GiftsCharity:Gifts               EUR 80
    Liabilities:Payables:Aurelie

2025-12-12 * Applique mural sdb  ; flat-vincennes:
    Expenses:Home:Furniture               EUR 204.15
    Expenses:Home:Furniture              EUR -102.09
    Liabilities:Payables:Aurelie

2025-12-12 * Leroy Merlin stores poignees ampoules vis  ; flat-vincennes:
    Expenses:Home:Maintenance                EUR 123
    Expenses:Home:Maintenance             EUR -61.47
    Liabilities:Payables:Aurelie          EUR -61.53

2025-12-20 * Credence adhesive cuisine  ; flat-vincennes:
    Expenses:Home                            EUR 100
    Expenses:Home                            EUR -50
    Liabilities:Payables:Aurelie             EUR -50

* Mortgage
2025-12-04 * Monthly mortgage repayment
    Assets:FR:CCF:Compte-Joint          EUR -2037.20
    Liabilities:FR:CCF:Mortgage           EUR 851.45
    Expenses:Finance:Mortgage:Interest    EUR 1060.04
    Expenses:Finance:Mortgage:Insurance    EUR 125.71
