;; -*- mode: ledger; coding: utf-8 -*-
2025-08-01 * 111 Capital wage
    Assets:FR:BforBank:Compte-Courant    EUR 6371.58
    Income:FR:111Capital:Salary

* Cash transactions
2025-08-05 * Cigarettes
    Expenses:Cigarettes                       EUR 13
    Assets:FR:Cash

2025-08-05 * Baguette
    Expenses:Food:Groceries                 EUR 1.35
    Assets:FR:Cash

2025-08-09 * Tennis lesson
    Expenses:Health:Sport                     EUR 50
    Assets:FR:Cash

2025-08-11 * Baguette
    Expenses:Food:Groceries                 EUR 1.35
    Assets:FR:Cash

2025-08-14 * Charity
    Expenses:GiftsCharity:Charity           EUR 1.20
    Assets:FR:Cash

2025-08-15 * MS Therapy
    Expenses:PersonalCare                    EUR 150
    Assets:FR:Cash

2025-08-16 * Cigarettes
    Expenses:Cigarettes                       EUR 13
    Assets:FR:Cash

2025-08-21 * Hairdresser
    Expenses:PersonalCare:Hair                EUR 22
    Assets:FR:Cash

2025-08-23 * Restaurant Athens
    Expenses:Food:Restaurants                 EUR 45
    Assets:FR:Cash

2025-08-23 * Cigarettes
    Expenses:Cigarettes                     EUR 4.80
    Assets:FR:Cash

2025-08-23 * Cocktails Athens
    Expenses:Entertainment:Social:Bars        EUR 24
    Assets:FR:Cash

2025-08-24 * Acropole Athens
    Expenses:Travel:Holidays                  EUR 40
    Assets:FR:Cash

2025-08-25 * Restaurant Lo & La Skiathos
    Expenses:Food:Restaurants                 EUR 50
    Assets:FR:Cash

2025-08-25 * Cigarettes
    Expenses:Cigarettes                     EUR 4.80
    Assets:FR:Cash

2025-08-25 * Water bottle
    Expenses:Food:Snack                        EUR 1
    Assets:FR:Cash

2025-08-26 * Drinks Vrolominos
    Expenses:Entertainment:Social:Bars        EUR 10
    Assets:FR:Cash

2025-08-26 * Snacks
    Expenses:Food:Snack                        EUR 6
    Assets:FR:Cash

2025-08-28 * Cigarettes
    Expenses:Cigarettes                        EUR 5
    Assets:FR:Cash

2025-08-29 * Cigarettes
    Expenses:Cigarettes                     EUR 4.80
    Assets:FR:Cash

2025-08-29 * Sweets
    Expenses:Food:Snack                     EUR 1.10
    Assets:FR:Cash

2025-08-29 * Water bottle
    Expenses:Food:Snack                        EUR 1
    Assets:FR:Cash

* Boursobank transactions
2025-08-21 * Cigarettes
    Expenses:Cigarettes                       EUR 13
    Assets:FR:BoursoBank:Compte-Courant

* BforBank transactions
2025-08-01 * Restaurant Le Griffonnier Arnaud
    Expenses:Food:Restaurants                EUR 113
    Assets:FR:BforBank:Compte-Courant

2025-08-01 * Cigarettes
    Expenses:Cigarettes                       EUR 13
    Assets:FR:BforBank:Compte-Courant

2025-08-02 * Rent Citeaux
    Expenses:Home:Rent                      EUR 1330
    Assets:FR:BforBank:Compte-Courant

2025-08-02 * Cigarettes
    Expenses:Cigarettes                       EUR 13
    Assets:FR:BforBank:Compte-Courant

2025-08-02 * Cafe
    Expenses:Food:Cafe                      EUR 2.10
    Assets:FR:BforBank:Compte-Courant

2025-08-02 * Navigo
    Expenses:Transportation:PublicTransport  EUR 88.80
    Assets:FR:BforBank:Compte-Courant

2025-08-02 * Cafe Gaia
    Expenses:Food:Cafe                      EUR 4.50
    Assets:FR:BforBank:Compte-Courant

2025-08-03 * Clinique Drouot Consultation
    Expenses:Health:Doctor                   EUR 100
    Assets:FR:BforBank:Compte-Courant

2025-08-03 * Cafe Montreuil and Banana bread
    Expenses:Food:Cafe                     EUR 16.80
    Assets:FR:BforBank:Compte-Courant

2025-08-03 * Cigarettes
    Expenses:Cigarettes                       EUR 13
    Assets:FR:BforBank:Compte-Courant

2025-08-04 * Ice Cream Creme Vincennes
    Expenses:Food:Snack                        EUR 4
    Assets:FR:BforBank:Compte-Courant

2025-08-04 * HelloFresh
    Expenses:Food:Groceries                EUR 48.94
    Assets:FR:BforBank:Compte-Courant

2025-08-04 * Urban Bakery Vincennes
    Expenses:Food:Groceries                 EUR 4.80
    Assets:FR:BforBank:Compte-Courant

2025-08-04 * Cafe Vincennes Le Marigny
    Expenses:Food:Cafe                         EUR 5
    Assets:FR:BforBank:Compte-Courant

2025-08-04 * Tennis court booking
    Expenses:Entertainment:Social:Sports      EUR 12
    Assets:FR:BforBank:Compte-Courant

2025-08-05 * MacroFactor subscription
    Expenses:Subscriptions:Software        EUR 13.99
    Assets:FR:BforBank:Compte-Courant

2025-08-05 * ChatGPT subscription
    Expenses:Subscriptions:Software        EUR 21.99
    Assets:FR:BforBank:Compte-Courant

2025-08-05 * Cash withdrawal
    Assets:FR:Cash                            EUR 20
    Assets:FR:BforBank:Compte-Courant

2025-08-05 * MRI Knee
    Expenses:Health:Doctor                   EUR 225
    Assets:FR:BforBank:Compte-Courant

2025-08-06 * Cigarettes
    Expenses:Cigarettes                       EUR 13
    Assets:FR:BforBank:Compte-Courant

2025-08-06 * Cafe Nuances
    Expenses:Food:Cafe                      EUR 6.93
    Assets:FR:BforBank:Compte-Courant

2025-08-06 * Revolut transfer
    Assets:UK:Revolut:Personal:EUR           EUR 100
    Assets:FR:BforBank:Compte-Courant

2025-08-06 * GP consultation
    Expenses:Health:Doctor                     EUR 9
    Assets:FR:BforBank:Compte-Courant

2025-08-07 * Refund MRI Knee Private Health Insurance
    Assets:FR:BforBank:Compte-Courant     EUR 181.72
    Expenses:Health:Doctor

2025-08-08 * GP consultation refund
    Assets:FR:BforBank:Compte-Courant          EUR 9
    Expenses:Health:Doctor

2025-08-08 * Refund CPAM
    Assets:FR:BforBank:Compte-Courant      EUR 23.03
    Expenses:Health:Doctor

2025-08-09 * Cash withdrawal
    Assets:FR:Cash                            EUR 60
    Assets:FR:BforBank:Compte-Courant

2025-08-09 * Google Play Head 2 Ball
    Expenses:Entertainment:Digital          EUR 6.99
    Assets:FR:BforBank:Compte-Courant

2025-08-09 * Deliveroo tip
    Expenses:GiftsCharity:Charity           EUR 2.09
    Assets:FR:BforBank:Compte-Courant

2025-08-09 * Cigarettes
    Expenses:Cigarettes                       EUR 13
    Assets:FR:BforBank:Compte-Courant

2025-08-09 * Cafe Touquet Plage
    Expenses:Food:Cafe                     EUR 12.30
    Assets:FR:BforBank:Compte-Courant

2025-08-10 * Tennis court booking Touquet
    Expenses:Entertainment:Social:Sports      EUR 28
    Assets:FR:BforBank:Compte-Courant

2025-08-11 * Transfer revolut
    Assets:UK:Revolut:Personal:EUR           EUR 100
    Assets:FR:BforBank:Compte-Courant

2025-08-12 * Amex gold Jul'25 settlement
    Liabilities:FR:Amex:Gold             EUR 4027.51
    Assets:FR:BforBank:Compte-Courant

2025-08-12 * Mister Garden
    Expenses:Food:OfficeLunch              EUR 18.60
    Assets:FR:BforBank:Compte-Courant

2025-08-15 * Cojean
    Expenses:Food:OfficeLunch              EUR 10.60
    Assets:FR:BforBank:Compte-Courant

2025-08-15 * Intermarche
    Expenses:Food:Groceries                 EUR 8.89
    Assets:FR:BforBank:Compte-Courant

2025-08-15 * Cigarettes
    Expenses:Cigarettes                       EUR 13
    Assets:FR:BforBank:Compte-Courant

2025-08-15 * Fisherman's Friend
    Expenses:Food:Snack                     EUR 2.30
    Assets:FR:BforBank:Compte-Courant

2025-08-15 * Drinks with Aurelie
    Expenses:Entertainment:Social:Bars        EUR 20
    Assets:FR:BforBank:Compte-Courant

2025-08-15 * Cash withdrawal
    Assets:FR:Cash                           EUR 150
    Assets:FR:BforBank:Compte-Courant

2025-08-16 * EDF subscription
    Expenses:Home:Utilities:Electricity    EUR 52.69
    Assets:FR:BforBank:Compte-Courant

2025-08-16 * Cash withdrawal
    Assets:FR:Cash                           EUR 20
    Assets:FR:BforBank:Compte-Courant

2025-08-16 * Window blind replacement
    Expenses:Home:Maintenance                EUR 380
    Assets:FR:BforBank:Compte-Courant

2025-08-16 * Cigarettes
    Expenses:Cigarettes                       EUR 13
    Assets:FR:BforBank:Compte-Courant

2025-08-17 * Revolut transfer
    Assets:UK:Revolut:Personal:EUR           EUR 200
    Assets:FR:BforBank:Compte-Courant

2025-08-20 * Cash withdrawal
    Assets:FR:Cash                            EUR 20
    Assets:FR:BforBank:Compte-Courant  ; date:2025-08-21

2025-08-21 * Window blind replacement balance
    Expenses:Home:Maintenance                EUR 577
    Assets:FR:BforBank:Compte-Courant

2025-08-21 * Window blind Iskander liability
    Assets:FR:Receivables:Iskander           EUR 957
    Expenses:Home:Maintenance

2025-08-22 * Bagnard
    Expenses:Food:OfficeLunch                 EUR 19
    Assets:FR:BforBank:Compte-Courant

2025-08-23 * Drinks with Aurelie
    Expenses:Entertainment:Social:Bars     EUR 19.50
    Assets:FR:BforBank:Compte-Courant

2025-08-24 * Toll Greece
    Expenses:Transportation:Toll            EUR 2.50
    Assets:FR:BforBank:Compte-Courant

2025-08-25 * Breakfast Athens
    Expenses:Food:Restaurants              EUR 27.90
    Assets:FR:BforBank:Compte-Courant

2025-08-26 * SFR
    Expenses:Home:Utilities:MobilePhone    EUR 13.56
    Assets:FR:BforBank:Compte-Courant

2025-08-26 * Car rental balance
    Expenses:Transportation:CarRental         EUR 40
    Assets:FR:BforBank:Compte-Courant

2025-08-26 * Cash withdrawal
    Assets:FR:Cash                           EUR 200
    Assets:FR:BforBank:Compte-Courant

2025-08-26 * Cash withdrawal fee
    Expenses:Fees:ATM                       EUR 1.80
    Assets:FR:BforBank:Compte-Courant

2025-08-26 * GP consultation refund
    Assets:FR:BforBank:Compte-Courant          EUR 9
    Expenses:Health:Doctor

2025-08-27 * Cash witdrawal
    Assets:FR:Cash                           EUR 200
    Assets:FR:BforBank:Compte-Courant

2025-08-30 * Boursobank transfer
    Assets:FR:BoursoBank:Compte-Courant      EUR 800
    Assets:FR:BforBank:Compte-Courant

* Revolut transactions
2025-08-03 * Beeminder fine
    Expenses:Subscriptions:Software         EUR 4.40
    Assets:UK:Revolut:Personal:EUR

2025-08-04 * Trousers Dry-Cleaning
    Expenses:PersonalCare:Laundry              EUR 8
    Assets:UK:Revolut:Personal:EUR

2025-08-05 * Drinks with Aurelie
    Expenses:Entertainment:Social:Bars        EUR 13
    Assets:UK:Revolut:Personal:EUR

2025-08-06 * Cigarettes
    Expenses:Cigarettes                       EUR 13
    Assets:UK:Revolut:Personal:EUR

2025-08-07 * Beeminder
    Expenses:Subscriptions:Software         EUR 4.31
    Assets:UK:Revolut:Personal:EUR

2025-08-08 * Beeminder fine
    Expenses:Subscriptions:Software         EUR 4.31
    Assets:UK:Revolut:Personal:EUR

2025-08-07 * Cigarettes
    Expenses:Cigarettes                       EUR 13
    Assets:UK:Revolut:Personal:EUR

2025-08-08 * ChatGPT subscription for Mum
    Expenses:GiftsCharity:Gifts            EUR 19.17
    Assets:UK:Revolut:Personal:EUR

2025-08-08 * Cigarettes
    Expenses:Cigarettes                       EUR 13
    Assets:UK:Revolut:Personal:EUR

2025-08-08 * Le Monde Diplomatique
    Expenses:Entertainment:Reading:Magazines  EUR 5.90
    Assets:UK:Revolut:Personal:EUR

2025-08-09 * Mignardises
    Expenses:Food:Snack                       EUR 12
    Assets:UK:Revolut:Personal:EUR

2025-08-09 * Crepe Waikiki Bar
    Expenses:Food:Snack                     EUR 4.50
    Assets:UK:Revolut:Personal:EUR

2025-08-11 * Cigarettes
    Expenses:Cigarettes                       EUR 13
    Assets:UK:Revolut:Personal:EUR

2025-08-12 * Beeminder fine
    Expenses:Subscriptions:Software         EUR 4.33
    Assets:UK:Revolut:Personal:EUR

2025-08-12 * Lebara mobile
    Expenses:Home:Utilities:MobilePhone     EUR 5.82
    Assets:UK:Revolut:Personal:EUR

2025-08-13 * Beeminder fine
    Expenses:Subscriptions:Software         EUR 4.31
    Assets:UK:Revolut:Personal:EUR

2025-08-13 * Beeminder fine
    Expenses:Subscriptions:Software         EUR 4.31
    Assets:UK:Revolut:Personal:EUR

2025-08-13 * Beeminder fine
    Expenses:Subscriptions:Software         EUR 4.31
    Assets:UK:Revolut:Personal:EUR

2025-08-13 * Cigarettes
    Expenses:Cigarettes                       EUR 13
    Assets:UK:Revolut:Personal:EUR

2025-08-13 * Doowap HiPro Auchan
    Expenses:Food:Snack                     EUR 6.80
    Assets:UK:Revolut:Personal:EUR

2025-08-13 * Cafe Nuances
    Expenses:Food:Cafe                      EUR 5.85
    Assets:UK:Revolut:Personal:EUR

2025-08-14 * Euromillions
    Expenses:Entertainment                    EUR 15
    Assets:UK:Revolut:Personal:EUR

2025-08-14 * Cigarettes
    Expenses:Cigarettes                       EUR 13
    Assets:UK:Revolut:Personal:EUR

2025-08-16 * Tennis court
    Expenses:Entertainment:Social:Sports      EUR 12
    Assets:UK:Revolut:Personal:EUR

2025-08-17 * Hotel Mahfouf cafe
    Expenses:Food:Cafe                        EUR 13
    Assets:UK:Revolut:Personal:EUR

2025-08-18 * Cigarettes
    Expenses:Cigarettes                       EUR 13
    Assets:UK:Revolut:Personal:EUR

2025-08-18 * Carrefour
    Expenses:Food:Groceries                EUR 10.29
    Assets:UK:Revolut:Personal:EUR

2025-08-18 * Point Virgule stand-up
    Expenses:Entertainment:Events             EUR 42
    Assets:UK:Revolut:Personal:EUR

2025-08-19 * Cafe Nuances
    Expenses:Food:Cafe                         EUR 9
    Assets:UK:Revolut:Personal:EUR

2025-08-19 * Cigarettes
    Expenses:Cigarettes                       EUR 13
    Assets:UK:Revolut:Personal:EUR

2025-08-19 * Carrefour
    Expenses:Food:Groceries                EUR 10.28
    Assets:UK:Revolut:Personal:EUR

2025-08-20 * Cafe Nuances
    Expenses:Food:Cafe                      EUR 4.50
    Assets:UK:Revolut:Personal:EUR

2025-08-21 * Cafe Nuances
    Expenses:Food:Cafe                      EUR 6.93
    Assets:UK:Revolut:Personal:EUR

2025-08-21 * GP consultation
    Expenses:Health:Doctor                     EUR 9
    Assets:UK:Revolut:Personal:EUR

2025-08-22 * Beeminder fine
    Expenses:Subscriptions:Software         EUR 4.33
    Assets:UK:Revolut:Personal:EUR

2025-08-23 * Selecta coffee Orly airport
    Expenses:Food:Cafe                         EUR 2
    Assets:UK:Revolut:Personal:EUR

2025-08-23 * Selecta coffee Orly airport
    Expenses:Food:Cafe                      EUR 2.80
    Assets:UK:Revolut:Personal:EUR

2025-08-24 * Beeminder fine
    Expenses:Subscriptions:Software         EUR 4.33
    Assets:UK:Revolut:Personal:EUR

2025-08-25 * Window blind Iskander's settlement
    Assets:UK:Revolut:Personal:EUR           EUR 957
    Assets:FR:Receivables:Iskander

2025-08-26 * Coffee Vrolominos
    Expenses:Food:Cafe                        EUR 22
    Assets:UK:Revolut:Personal:EUR

2025-08-26 * Mam Souvlaki - Lunch Skiathos Old Town
    Expenses:Food:Restaurants              EUR 16.10
    Assets:UK:Revolut:Personal:EUR

2025-08-26 * Euronet Car Hire - Bicycle rental
    Expenses:Travel:Holidays                  EUR 40
    Assets:UK:Revolut:Personal:EUR

2025-08-26 * Skiathos Palace Hotel - Sunbeds
    Expenses:Travel:Holidays                  EUR 30
    Assets:UK:Revolut:Personal:EUR

2025-08-26 * Skiathos Palace Hotel - Drinks
    Expenses:Entertainment:Social:Bars     EUR 19.50
    Assets:UK:Revolut:Personal:EUR

2025-08-26 * Miliore E.e.
    Expenses:Food:Restaurants              EUR 48.70
    Assets:UK:Revolut:Personal:EUR

2025-08-26 * The Grocery Store - Ice Cream
    Expenses:Food:Snack                        EUR 8
    Assets:UK:Revolut:Personal:EUR

2025-08-27 * Beeminder fine
    Expenses:Subscriptions:Software         EUR 4.32
    Assets:UK:Revolut:Personal:EUR

2025-08-27 * Beeminder fine
    Expenses:Subscriptions:Software         EUR 8.63
    Assets:UK:Revolut:Personal:EUR

2025-08-27 * Coffee Vrolominos
    Expenses:Food:Cafe                        EUR 22
    Assets:UK:Revolut:Personal:EUR

2025-08-27 * Anatoli - Padel
    Expenses:Entertainment:Social:Sports      EUR 30
    Assets:UK:Revolut:Personal:EUR

2025-08-27 * Stafylos - Dinner Skopelos
    Expenses:Food:Restaurants              EUR 60.90
    Assets:UK:Revolut:Personal:EUR

2025-08-28 * Karavia Cafe
    Expenses:Food:Restaurants              EUR 23.80
    Assets:UK:Revolut:Personal:EUR

2025-08-28 * Pension Sir Kotos - Drinks Kastani Beach Club
    Expenses:Entertainment:Social:Bars        EUR 23
    Assets:UK:Revolut:Personal:EUR

2025-08-30 * Mercurious Cocktail Bar - Glysteri Beach Club
    Expenses:Entertainment:Social:Bars        EUR 61
    Assets:UK:Revolut:Personal:EUR

2025-08-30 * Olympus Plaza Catering - Snack Ferry
    Expenses:Food:Snack                    EUR 13.90
    Assets:UK:Revolut:Personal:EUR

2025-08-31 * Veneti - Snack airport
    Expenses:Food:Snack                    EUR 13.40
    Assets:UK:Revolut:Personal:EUR

* Amex Gold transactions
2025-08-02 * Velib annual subscription
    Expenses:Transportation:Bikesharing     EUR 37.20
    Liabilities:FR:Amex:Gold

2025-08-02 * Paoloa restaurant Vincennes
    Expenses:Food:Restaurants                 EUR 42
    Liabilities:FR:Amex:Gold

2025-08-03 * Flights Athens
    Expenses:Travel:Flights                 EUR 1148
    Liabilities:FR:Amex:Gold

2025-08-03 * Flights Athens Aurelie's share
    Assets:FR:Receivables:Aurelie            EUR 574
    Expenses:Travel:Flights

2025-08-03 * Car rental Greece
    Expenses:Transportation:CarRental     EUR 168.49
    Liabilities:FR:Amex:Gold

2025-08-03 * Car rental Greece Aurelie's share
    Assets:FR:Receivables:Aurelie         EUR 84.25
    Expenses:Transportation:CarRental

2025-08-03 * Ferries Greece
    Expenses:Travel:Holidays              EUR 387.10
    Liabilities:FR:Amex:Gold

2025-08-03 * Ferries Greece Aurelie's share
    Assets:FR:Receivables:Aurelie         EUR 193.55
    Expenses:Travel:Holidays

2025-08-03 * Franprix
    Expenses:Food:Groceries                 EUR 9.62
    Liabilities:FR:Amex:Gold

2025-08-04 * Airbnb Greece
    Expenses:Travel:Holidays:Accommodation    EUR 420
    Liabilities:FR:Amex:Gold

2025-08-04 * Airbnb Greece Aurelie's share
    Assets:FR:Receivables:Aurelie            EUR 210
    Expenses:Travel:Holidays:Accommodation

2025-08-05 * R2 Training
    Expenses:Health:Gym                      EUR 179
    Liabilities:FR:Amex:Gold

2025-08-06 * Amex subscription
    Expenses:Fees:CreditCard                  EUR 16
    Liabilities:FR:Amex:Gold

2025-08-08 * Books Amazon
    Expenses:Education:Books               EUR 45.69
    Liabilities:FR:Amex:Gold

2025-08-08 * Belkin battery pack
    Expenses:Shopping:Electronics          EUR 51.72
    Liabilities:FR:Amex:Gold

2025-08-08 * Vanish Oxi Action
    Expenses:Home                          EUR 10.45
    Liabilities:FR:Amex:Gold

2025-08-08 * Gornation resistance band
    Expenses:Shopping:Sport                EUR 14.90
    Liabilities:FR:Amex:Gold

2025-08-08 * Popelini
    Expenses:GiftsCharity:Gifts            EUR 39.49
    Liabilities:FR:Amex:Gold

2025-08-10 * Deliveroo Chez Antoine
    Expenses:Food:Delivery                 EUR 19.36
    Liabilities:FR:Amex:Gold

2025-08-11 * Ferries Greece
    Expenses:Travel:Holidays              EUR 432.10
    Liabilities:FR:Amex:Gold

2025-08-12 * Deliveroo Grom
    Expenses:GiftsCharity:Gifts            EUR 30.49
    Liabilities:FR:Amex:Gold

2025-08-12 * Ferries refund
    Liabilities:FR:Amex:Gold              EUR 373.30
    Expenses:Travel:Holidays

2025-08-13 * Ferries refund
    Liabilities:FR:Amex:Gold                EUR 7.80
    Expenses:Travel:Holidays

2025-08-13 * Deliveroo fee
    Expenses:Food:OfficeLunch               EUR 2.22
    Liabilities:FR:Amex:Gold

2025-08-14 * Restaurant Lagano
    Expenses:Food:Restaurants                 EUR 40
    Liabilities:FR:Amex:Gold

2025-08-16 * Anker charger
    Expenses:Shopping:Electronics          EUR 65.87
    Liabilities:FR:Amex:Gold

2025-08-16 * Anker cables
    Expenses:Shopping:Electronics          EUR 10.99
    Liabilities:FR:Amex:Gold

2025-08-16 * Anker charger for mum
    Expenses:GiftsCharity:Gifts            EUR 11.99
    Liabilities:FR:Amex:Gold

2025-08-19 * Valencia Tennis Academy
    Expenses:Travel:Holidays                 EUR 105
    Liabilities:FR:Amex:Gold

2025-08-16 * Cable clips
    Expenses:Home:Maintenance               EUR 9.99
    Liabilities:FR:Amex:Gold

2025-08-19 * Panasonic body groomer blade
    Expenses:PersonalCare                  EUR 32.75
    Liabilities:FR:Amex:Gold

2025-08-19 * Kpro moth bands
    Expenses:Home:Maintenance              EUR 19.98
    Liabilities:FR:Amex:Gold

2025-08-20 * Chaussures Tennis
    Expenses:Shopping:Sport                EUR 70.20
    Liabilities:FR:Amex:Gold

2025-08-22 * Transvia Flights Valencia
    Expenses:Travel:Flights                  EUR 254
    Liabilities:FR:Amex:Gold

2025-08-22 * Tennis shoes and racket sleeve
    Expenses:Shopping:Sport                EUR 92.75
    Liabilities:FR:Amex:Gold

2025-08-22 * Deliveroo
    Expenses:Food:Delivery                 EUR 16.88
    Liabilities:FR:Amex:Gold

2025-08-22 * Anker cables
    Expenses:Shopping:Electronics          EUR 11.79
    Liabilities:FR:Amex:Gold

2025-08-22 * AirBnB Valencia
    Expenses:Travel:Holidays:Accommodation  EUR 1201.70
    Liabilities:FR:Amex:Gold

2025-08-24 * Nike cap
    Expenses:Shopping:Sport                EUR 29.99
    Liabilities:FR:Amex:Gold

2025-08-30 * Valencia Tennis Academy
    Expenses:Health:Sport                    EUR 245
    Liabilities:FR:Amex:Gold

2025-08-31 * Taxi Orly
    Expenses:Transportation:Taxi              EUR 45
    Liabilities:FR:Amex:Gold

* Other liabilities
2025-08-03 * Hotel Skiatos
    Expenses:Travel:Holidays:Accommodation  EUR 141.80
    Liabilities:FR:Payables:Aurelie

2025-08-03 * Refund Aurelie
    Assets:FR:BforBank:Compte-Courant       EUR 1145
    Assets:FR:Receivables:Aurelie

2025-08-05 * Settlement with Aurelie
    Liabilities:FR:Payables:Aurelie       EUR 141.80
    Assets:FR:Receivables:Aurelie

2025-08-11 * Hotel Athens arrival
    Expenses:Travel:Holidays:Accommodation  EUR 53.38
    Liabilities:FR:Payables:Aurelie

2025-08-11 * Hotel wedding
    Expenses:Travel:Holidays:Accommodation    EUR 69
    Liabilities:FR:Payables:Aurelie

2025-08-11 * Hotel Spata
    Expenses:Travel:Holidays:Accommodation  EUR 44.86
    Liabilities:FR:Payables:Aurelie

2025-08-07 * Cafe Nuances
    Expenses:Food:Cafe                      GBP 7.86
    Liabilities:UK:Halifax:Clarity

2025-08-06 * RATP
    Expenses:Transportation:PublicTransport  GBP 2.18
    Liabilities:UK:Halifax:Clarity

2025-08-07 * RATP
    Expenses:Transportation:PublicTransport  GBP 2.18
    Liabilities:UK:Halifax:Clarity

* Investment funds valuation
2025-08-07 * Moneyfarm valuation  ;; net left after liquidating portfolio
    Assets:UK:Moneyfarm               = GBP 50415.54
    Equity:Unrealised-PnL:GBP
