;; -*- mode: ledger; coding: utf-8 -*-

2025-05-01 * 111 Wage
    Assets:FR:BforBank:Compte-Courant  EUR 6519.34
    Income:FR:111Capital:Salary

* Cash transactions
2025-05-03 * Cigarettes
    Expenses:Cigarettes                       EUR 13
    Assets:Cash:EUR

2025-05-04 * Cigarettes
    Expenses:Cigarettes                       EUR 13
    Assets:Cash:EUR

2025-05-05 * Baguette
    Expenses:Food:Groceries                 EUR 1.35
    Assets:Cash:EUR

2025-05-09 * Cigarettes
    Expenses:Cigarettes                       EUR 13
    Assets:Cash:EUR

2025-05-10 * Tips waiter
    Expenses:Food:Restaurants               EUR 1.50
    Assets:Cash:EUR

2025-05-12 * Baguette
    Expenses:Food:Groceries                 EUR 1.35
    Assets:Cash:EUR

2025-05-13 * Baguette
    Expenses:Food:Groceries                 EUR 1.35
    Assets:Cash:EUR

2025-05-15 * Hairdresser
    Expenses:PersonalCare:Hair                EUR 22
    Assets:Cash:EUR

2025-05-15 * Cigarettes
    Expenses:Cigarettes                       EUR 13
    Assets:Cash:EUR

2025-05-22 * Cigarettes
    Expenses:Cigarettes                       EUR 13
    Assets:Cash:EUR

2025-05-22 * Fisherman's Friend
    Expenses:Food:Snack                     EUR 1.70
    Assets:Cash:EUR

2025-05-22 * MS Therapy
    Expenses:PersonalCare:Discretionary                    EUR 250
    Assets:Cash:EUR

2025-05-22 * Financier Kayser
    Expenses:Food:Snack                     EUR 3.60
    Assets:Cash:EUR

2025-05-24 * Therapy
    Expenses:Health:Therapy                   EUR 120
    Assets:Cash:EUR

2025-05-24 * Croissant
    Expenses:Food:Snack                     EUR 1.30
    Assets:Cash:EUR

2025-05-24 * Cigarettes
    Expenses:Cigarettes                       EUR 13
    Assets:Cash:EUR

2025-05-25 * Unaccounted cash expenses
    Expenses:Misc:Unaccounted               EUR 1.60
    Assets:Cash:EUR

2025-05-26 * Baguette
    Expenses:Food:Groceries                 EUR 1.35
    Assets:Cash:EUR

2025-05-30 * Pain au chocolat
    Expenses:Food:Snack                     EUR 1.50
    Assets:Cash:EUR

* Bforbank transactions
2025-05-01 * Rent Citeaux
    Expenses:Home:Rent                      EUR 1330
    Assets:FR:BforBank:Compte-Courant

2025-05-03 * Cash withdrawal
    Assets:Cash:EUR                            EUR 20
    Assets:FR:BforBank:Compte-Courant

2025-05-04 * Cash withdrawal
    Assets:Cash:EUR                            EUR 20
    Assets:FR:BforBank:Compte-Courant

2025-05-04 * Transfer to Revolut
    Assets:UK:Revolut:Personal:EUR           EUR 200
    Assets:FR:BforBank:Compte-Courant  ; date:2025-05-06

2025-05-05 * ChatGPT subscription for mum
    Expenses:GiftsCharity:Gifts            EUR 21.99
    Assets:FR:BforBank:Compte-Courant

2025-05-05 * MacroFactor subscription
    Expenses:Subscriptions:Software        EUR 13.99
    Assets:FR:BforBank:Compte-Courant

2025-05-06 * Velib
    Expenses:Transportation:Bikesharing       EUR 12
    Assets:FR:BforBank:Compte-Courant

2025-05-07 * Drinks with Symeon
    Expenses:Entertainment:Social:Bars        EUR 14
    Assets:FR:BforBank:Compte-Courant

2025-05-07 * Drinks with Symeon/Alexandre
    Expenses:Entertainment:Social:Bars        EUR 27
    Assets:FR:BforBank:Compte-Courant

2025-05-07 * Cigarettes
    Expenses:Cigarettes                       EUR 13
    Assets:FR:BforBank:Compte-Courant

2025-05-08 * Car rental insurance claim
    Assets:FR:BforBank:Compte-Courant        EUR 175
    Expenses:Transportation:CarRental

2025-05-09 * Minoxidil
    Expenses:Health:Pharmacy               EUR 23.17
    Assets:FR:BforBank:Compte-Courant

2025-05-10 * Cigarettes
    Expenses:Cigarettes                       EUR 13
    Assets:FR:BforBank:Compte-Courant

2025-05-10 * Fisherman's Friend
    Expenses:Food:Snack                     EUR 2.50
    Assets:FR:BforBank:Compte-Courant

2025-05-10 * Restaurant Gambetta
    Expenses:Food:Restaurants              EUR 83.50
    Assets:FR:BforBank:Compte-Courant

2025-05-13 * Cigarettes
    Expenses:Cigarettes                       EUR 13
    Assets:FR:BforBank:Compte-Courant

2025-05-14 * Amex settlement
    Liabilities:FR:Amex:Gold             EUR 1867.75
    Assets:FR:BforBank:Compte-Courant

2025-05-14 * Refund Alan
    Assets:FR:BforBank:Compte-Courant          EUR 9
    Expenses:Health:Doctor

2025-05-15 * Cash withdrawal
    Assets:Cash:EUR                            EUR 20
    Assets:FR:BforBank:Compte-Courant

2025-05-15 * Cash withdrawal
    Assets:Cash:EUR                            EUR 20
    Assets:FR:BforBank:Compte-Courant

2025-05-16 * EDF subscription
    Expenses:Home:Utilities:Electricity       EUR 66
    Assets:FR:BforBank:Compte-Courant

2025-05-17 * HelloFresh
    Expenses:Food:Groceries                EUR 32.54
    Assets:FR:BforBank:Compte-Courant

2025-05-18 * Taxi from Gare du Nord
    Expenses:Transportation:Taxi           EUR 20.60
    Assets:FR:BforBank:Compte-Courant

2025-05-20 * Transfer to Revolut
    Assets:UK:Revolut:Personal:EUR           EUR 300
    Assets:FR:BforBank:Compte-Courant

2025-05-22 * Cash withdrawal
    Assets:Cash:EUR                            EUR 20
    Assets:FR:BforBank:Compte-Courant

2025-05-22 * Cash withdrawal
    Assets:Cash:EUR                            EUR 200
    Assets:FR:BforBank:Compte-Courant

2025-05-22 * Cash withdrawal
    Assets:Cash:EUR                            EUR 50
    Assets:FR:BforBank:Compte-Courant

2025-05-23 * Drinks with Aurelie
    Expenses:Entertainment:Social:Bars     EUR 17.50
    Assets:FR:BforBank:Compte-Courant

2025-05-23 * Cash withdrawal
    Assets:Cash:EUR                           EUR 120
    Assets:FR:BforBank:Compte-Courant

2025-05-23 * Cash withdrawal
    Assets:Cash:EUR                            EUR 20
    Assets:FR:BforBank:Compte-Courant

2025-05-23 * SFR mobile phone
    Expenses:Home:Utilities:MobilePhone    EUR 12.06
    Assets:FR:BforBank:Compte-Courant

2025-05-24 * Ticket RER
    Expenses:Transportation:PublicTransport  EUR 2.50
    Assets:FR:BforBank:Compte-Courant

2025-05-25 * Cigarettes
    Expenses:Cigarettes                       EUR 13
    Assets:FR:BforBank:Compte-Courant

2025-05-26 * Cafe Nuances
    Expenses:Food:Cafe                         EUR 5
    Assets:FR:BforBank:Compte-Courant

2025-05-26 * Kayser lunch
    Expenses:Food:OfficeLunch                 EUR 16
    Assets:FR:BforBank:Compte-Courant

2025-05-27 * Cafe Nuances and pain au chocolat
    Expenses:Food:Cafe                      EUR 6.93
    Assets:FR:BforBank:Compte-Courant

2025-05-27 * Cigarettes
    Expenses:Cigarettes                       EUR 13
    Assets:FR:BforBank:Compte-Courant

2025-05-27 * Google Play Bomber
    Expenses:Subscriptions:Software         EUR 4.49
    Assets:FR:BforBank:Compte-Courant

2025-05-28 * Cafe Nuances
    Expenses:Food:Cafe                         EUR 9
    Assets:FR:BforBank:Compte-Courant

2025-05-29 * Cigarettes
    Expenses:Cigarettes                       EUR 13
    Assets:FR:BforBank:Compte-Courant

2025-05-29 * Carrefour City
    Expenses:Food:Groceries                 EUR 8.19
    Assets:FR:BforBank:Compte-Courant

2025-05-29 * Book Patrice Jean
    Expenses:Entertainment:Reading:Books    EUR 8.90
    Assets:FR:BforBank:Compte-Courant

2025-05-29 * Restaurant with Aurelie
    Expenses:Food:Restaurants              EUR 55.50
    Assets:FR:BforBank:Compte-Courant

2025-05-30 * Transfer to Revolut
    Assets:UK:Revolut:Personal:EUR           EUR 100
    Assets:FR:BforBank:Compte-Courant

2025-05-30 * Taxi
    Expenses:Transportation:Taxi           EUR 17.10
    Assets:FR:BforBank:Compte-Courant

2025-05-31 * HelloFresh
    Expenses:Food:Groceries                EUR 48.94
    Assets:FR:BforBank:Compte-Courant

* Boursobank transactions
2025-05-01 * Deliveroo fee
    Expenses:Food:Delivery                  EUR 2.39
    Assets:FR:BoursoBank:Compte-Courant

2025-05-01 * Transfer to BoursoBank
    Assets:FR:BoursoBank:Compte-Courant       EUR 10
    Assets:FR:BforBank:Compte-Courant

2025-05-13 * Delivero fee
    Expenses:Food:Delivery                  EUR 1.60
    Assets:FR:BoursoBank:Compte-Courant

* Revolut transactions
2025-05-01 * Navigo
    Expenses:Transportation:PublicTransport  EUR 88.80
    Assets:UK:Revolut:Personal:EUR

2025-05-03 * Carrefour City
    Expenses:Food:Groceries                EUR 12.61
    Assets:UK:Revolut:Personal:EUR

2025-05-04 * Drinks with Robin
    Expenses:Entertainment:Social:Bars     EUR 11.50
    Assets:UK:Revolut:Personal:EUR

2025-05-05 * Pain au chocolat
    Expenses:Food:Snack                     EUR 1.50
    Assets:UK:Revolut:Personal:EUR

2025-05-04 * Buy GBP with Revolut
    Assets:UK:Revolut:Personal:GBP         GBP 37.86 @@ EUR 44.59
    Assets:UK:Revolut:Personal:EUR

2025-05-05 * Transfer GBP to Halifax Current Account
    Assets:UK:Halifax:Current-Account      GBP 37.86
    Assets:UK:Revolut:Personal:GBP

2025-05-06 * Cigarettes
    Expenses:Cigarettes                       EUR 13
    Assets:UK:Revolut:Personal:EUR

2025-05-06 * Drinks with Arnaud
    Expenses:Entertainment:Social:Bars     EUR 19.60
    Assets:UK:Revolut:Personal:EUR

2025-05-06 * Durum
    Expenses:Food:FastFood                  EUR 9.50
    Assets:UK:Revolut:Personal:EUR

2025-05-06 * Nutella Crepe
    Expenses:Food:Snack                        EUR 5
    Assets:UK:Revolut:Personal:EUR

2025-05-06 * Beeminder fine
    Expenses:Subscriptions:Software         EUR 4.43
    Assets:UK:Revolut:Personal:EUR

2025-05-06 * Beeminder fine
    Expenses:Subscriptions:Software         EUR 4.43
    Assets:UK:Revolut:Personal:EUR

2025-05-08 * Lunch Boulangerie Ounissi
    Expenses:Food:Snack                    EUR 21.91
    Assets:UK:Revolut:Personal:EUR

2025-05-09 * Drinks Rosa Bonheur with Aurelie
    Expenses:Entertainment:Social:Bars     EUR 12.50
    Assets:UK:Revolut:Personal:EUR

2025-05-10 * GP appointment
    Expenses:Health:Doctor                     EUR 9
    Assets:UK:Revolut:Personal:EUR

2025-05-10 * Drinks with Aurelie
    Expenses:Entertainment:Social:Bars     EUR 23.80
    Assets:UK:Revolut:Personal:EUR

2025-05-11 * Cigarettes
    Expenses:Cigarettes                       EUR 13
    Assets:UK:Revolut:Personal:EUR

2025-05-12 * Doowap Carrefour
    Expenses:Food:Snack                     EUR 3.24
    Assets:UK:Revolut:Personal:EUR

2025-05-14 * Pain au chocolat
    Expenses:Food:Snack                     EUR 1.70
    Assets:UK:Revolut:Personal:EUR

2025-05-14 * Franprix
    Expenses:Food:Groceries                EUR 12.06
    Assets:UK:Revolut:Personal:EUR

2025-05-15 * Beeminder fine
    Expenses:Subscriptions:Software         EUR 4.49
    Assets:UK:Revolut:Personal:EUR

2025-05-15 * Lebara mobile
    Expenses:Home:Utilities:MobilePhone     EUR 5.97
    Assets:UK:Revolut:Personal:EUR

2025-05-16 * Padel rackets & balls rental London
    Expenses:Entertainment:Social:Sports   EUR 27.41
    Assets:UK:Revolut:Personal:EUR

2025-05-16 * Beers Canary Wharf
    Expenses:Entertainment:Social:Bars     EUR 26.88
    Assets:UK:Revolut:Personal:EUR

2025-05-16 * Beeminder fine
    Expenses:Subscriptions:Software         EUR 4.54
    Assets:UK:Revolut:Personal:EUR

2025-05-16 * Beeminder fine
    Expenses:Subscriptions:Software         EUR 4.54
    Assets:UK:Revolut:Personal:EUR

2025-05-16 * TFL for Nima
    Expenses:GiftsCharity:Gifts             EUR 5.92
    Assets:UK:Revolut:Personal:EUR

2025-05-18 * ClassPass
    Expenses:Health:Gym                    EUR 18.09
    Assets:UK:Revolut:Personal:EUR

2025-05-18 * TFL
    Expenses:Transportation:PublicTransport  EUR 7.94
    Assets:UK:Revolut:Personal:EUR

2025-05-19 * Drinks with Aurelie
    Expenses:Entertainment:Social:Bars        EUR 20
    Assets:UK:Revolut:Personal:EUR

2025-05-20 * Cigarettes
    Expenses:Cigarettes                    EUR 13.20
    Assets:UK:Revolut:Personal:EUR

2025-05-20 * Buy GBP with Revolut
    Assets:UK:Revolut:Personal:GBP        GBP 169.75 @@ EUR 202.42
    Assets:UK:Revolut:Personal:EUR

2025-05-20 * Transfer GBP to Halifax Current Account
    Assets:UK:Halifax:Current-Account      GBP 169.75
    Assets:UK:Revolut:Personal:GBP

2025-05-20 * Buy GBP with Revolut
    Assets:UK:Revolut:Personal:GBP         GBP 79.30 @@ EUR 94.58
    Assets:UK:Revolut:Personal:EUR

2025-05-17 * Refund from Brera (drinks)
    Assets:UK:Revolut:Personal:GBP          GBP 7.50
    Expenses:Entertainment:Social:Bars

2025-05-17 * TFL
    Expenses:Transportation:PublicTransport  GBP 5.80
    Assets:UK:Revolut:Personal:GBP

2025-05-18 * Classpass fee
    Expenses:Health:Gym                        GBP 1
    Assets:UK:Revolut:Personal:GBP

2025-05-20 * Settlement padel
    Liabilities:Payables:Iskander          GBP 80
    Assets:UK:Revolut:Personal:GBP

2025-05-20 * Durum
    Expenses:Food:FastFood                   EUR 15
    Assets:UK:Revolut:Personal:EUR

2025-05-21 * Carrefour City groceries
    Expenses:Food:Groceries                 EUR 5.32
    Assets:UK:Revolut:Personal:EUR

2025-05-22 * Burrito Saint-Maur
    Expenses:Food:Groceries                 EUR 8.50
    Assets:UK:Revolut:Personal:EUR

2025-05-24 * Ticket RER
    Expenses:Transportation:PublicTransport  EUR 2.50
    Assets:UK:Revolut:Personal:EUR

2025-05-24 * Paid a ticket for a stranger
    Expenses:Transportation:PublicTransport    EUR 5
    Assets:UK:Revolut:Personal:EUR            EUR -5
    Assets:Receivables                         EUR 5
    Expenses:Transportation:PublicTransport   EUR -5
    Assets:Cash:EUR                             EUR 5
    Assets:Receivables                        EUR -5

2025-05-25 * Beeminder fine
    Expenses:Subscriptions:Software         EUR 4.46
    Assets:UK:Revolut:Personal:EUR

2025-05-25 * Beeminder fine
    Expenses:Subscriptions:Software         EUR 4.42
    Assets:UK:Revolut:Personal:EUR

2025-05-30 * Beeminder fine
    Expenses:Subscriptions:Software         EUR 4.43
    Assets:UK:Revolut:Personal:EUR

2025-05-30 * Beeminder fine
    Expenses:Subscriptions:Software         EUR 4.43
    Assets:UK:Revolut:Personal:EUR

2025-05-30 * Cigarettes
    Expenses:Cigarettes                       EUR 13
    Assets:UK:Revolut:Personal:EUR

2025-05-30 * McDonald's
    Expenses:Food:FastFood                 EUR 14.95
    Assets:UK:Revolut:Personal:EUR

2025-05-30 * Euromillions
    Expenses:Entertainment                    EUR 10
    Assets:UK:Revolut:Personal:EUR

2025-05-31 * Beeminder fine
    Expenses:Subscriptions:Software         EUR 4.47
    Assets:UK:Revolut:Personal:EUR

* Amex Gold transactions
2025-05-01 * Car Rental damages fine outstanding
    Expenses:Transportation:CarRental         EUR 40
    Liabilities:FR:Amex:Gold

2025-05-02 * Taxi to Maison de la radio
    Expenses:Transportation:Taxi           EUR 11.10
    Liabilities:FR:Amex:Gold

2025-05-04 * Brunch Maison Victoria
    Expenses:Food:Restaurants                 EUR 41
    Liabilities:FR:Amex:Gold

2025-05-04 * PRP Chicheportiche
    Expenses:PersonalCare:Hair               EUR 200
    Liabilities:FR:Amex:Gold

2025-05-05 * R2 Training
    Expenses:Health:Gym                      EUR 179
    Liabilities:FR:Amex:Gold

2025-05-06 * Amex subscription
    Expenses:Finance:CreditCard                  EUR 16
    Liabilities:FR:Amex:Gold

2025-05-06 * Deliveroo Five Guys
    Expenses:Food:OfficeLunch              EUR 28.69
    Liabilities:FR:Amex:Gold

2025-05-08 * Uber
    Expenses:Transportation:Taxi           EUR 17.95
    Liabilities:FR:Amex:Gold

2025-05-07 * Prime subscription
    Expenses:Subscriptions                 EUR 69.90
    Liabilities:FR:Amex:Gold

2025-05-08 * Amex refund prime subscription
    Liabilities:FR:Amex:Gold               EUR 69.90
    Expenses:Subscriptions

2025-05-09 * Deliveroo
    Expenses:Food:Delivery                 EUR 20.99
    Liabilities:FR:Amex:Gold

2025-05-13 * Uber eats fees
    Expenses:Food:OfficeLunch               EUR 2.85
    Liabilities:FR:Amex:Gold

2025-05-13 * Hyrox
    Expenses:Entertainment:Events:Sports  EUR 131.44
    Liabilities:FR:Amex:Gold

2025-05-15 * Return Joseph Joseph showroom prive
    Liabilities:FR:Amex:Gold               EUR 53.40
    Expenses:Home:Furniture

2025-05-15 * Restaurant Hugo & Co with Richard
    Expenses:Food:Restaurants             EUR 104.50
    Liabilities:FR:Amex:Gold             EUR -104.50
    Assets:Receivables:Aurelie                EUR 55
    Expenses:Food:Restaurants                EUR -55
    Assets:FR:BforBank:Compte-Courant         EUR 55
    Assets:Receivables:Aurelie               EUR -55

2025-05-16 * Uber Trip to Gare du Nord
    Expenses:Transportation:Taxi           EUR 15.96
    Liabilities:FR:Amex:Gold

2025-05-17 * Wahl Beard Trimmer
    Expenses:Shopping:Electronics         EUR 147.74
    Liabilities:FR:Amex:Gold

2025-05-19 * Deliveroo
    Expenses:Food:Delivery                 EUR 23.39
    Liabilities:FR:Amex:Gold

2025-05-22 * Amazon order
    Expenses:Shopping                      EUR 21.85
    Liabilities:FR:Amex:Gold

2025-05-23 * Delivero fee
    Expenses:Food:OfficeLunch               EUR 2.22
    Liabilities:FR:Amex:Gold

2025-05-23 * Padel court booking Sportfield
    Expenses:Entertainment:Social:Sports      EUR 50
    Liabilities:FR:Amex:Gold

2025-05-25 * Uber
    Expenses:Transportation:Taxi           EUR 12.65
    Liabilities:FR:Amex:Gold

2025-05-27 * Deliveroo Cut
    Expenses:Food:OfficeLunch               EUR 7.13
    Liabilities:FR:Amex:Gold

2025-05-27 * Hockney Louis Vuitton
    Expenses:Entertainment:Events             EUR 32
    Liabilities:FR:Amex:Gold

2025-05-28 * Deliveroo Chlew
    Expenses:Food:OfficeLunch              EUR 17.60
    Liabilities:FR:Amex:Gold

2025-05-28 * Vans
    Expenses:Shopping:Clothes              EUR 71.95
    Liabilities:FR:Amex:Gold

2025-05-29 * Cafe Gaia
    Expenses:Food:Cafe                         EUR 8
    Liabilities:FR:Amex:Gold

2025-05-29 * Dott bike
    Expenses:Transportation:Bikesharing    EUR 10.85
    Liabilities:FR:Amex:Gold

2025-05-30 * Adidas shoes
    Expenses:Shopping:Clothes                EUR 140
    Liabilities:FR:Amex:Gold

; Accounts receivable/payable
2025-05-05 * Luberon dinners paid by Glenn
    Expenses:Food:Restaurants                EUR 345
    Liabilities:Payables:Glenn           EUR -345
    Liabilities:Payables:Glenn            EUR 345
    Assets:FR:BforBank:Compte-Courant       EUR -345

2025-05-05 * Luberon dinners receivables
    Assets:Receivables:Aurelie            EUR 120
    Expenses:Food:Restaurants

2025-05-05 * Settlement receivables Aurelie
    Assets:FR:BforBank:Compte-Courant     EUR 303.20
    Assets:Receivables:Aurelie

2025-05-16 * Padel court booking Canary Wharf
    Expenses:Entertainment:Social:Sports      GBP 80
    Liabilities:Payables:Iskander

; Investment funds valuation
2025-05-12 * Moneyfarm valuation
    Assets:UK:Moneyfarm                  = GBP 48191
    Equity:CapitalGains:Unrealised:Moneyfarm

; Halifax transactions
2025-05-06 * Settlement Halifax Clarity
    Liabilities:UK:Halifax:Clarity         GBP 37.86
    Assets:UK:Halifax:Current-Account

2025-05-16 * Cigarettes
    Expenses:Cigarettes                    GBP 17.30
    Liabilities:UK:Halifax:Clarity

2025-05-16 * Waitrose
    Expenses:Food:Snack                        GBP 5
    Liabilities:UK:Halifax:Clarity

2025-05-16 * Cigarettes
    Expenses:Cigarettes                    GBP 17.30
    Liabilities:UK:Halifax:Clarity

2025-05-16 * Coffee
    Expenses:Food:Cafe                         GBP 4
    Liabilities:UK:Halifax:Clarity

2025-05-16 * TFL
    Expenses:Transportation:PublicTransport  GBP 6.65
    Liabilities:UK:Halifax:Clarity

2025-05-17 * Sainsbury's Groceries shopping
    Expenses:Food:Groceries                GBP 35.95
    Liabilities:UK:Halifax:Clarity

2025-05-17 * Drinks The Miller Pub
    Expenses:Entertainment:Social:Bars     GBP 24.20
    Liabilities:UK:Halifax:Clarity

2025-05-17 * TFL
    Expenses:Transportation:PublicTransport  GBP 5.80
    Liabilities:UK:Halifax:Clarity

2025-05-18 * Cigarettes
    Expenses:Cigarettes                    GBP 17.90
    Liabilities:UK:Halifax:Clarity

2025-05-18 * Coffee WatchHouse
    Expenses:Food:Cafe                     GBP 11.75
    Liabilities:UK:Halifax:Clarity

2025-05-18 * Golden Grill and Fish with Isky
    Expenses:Food:FastFood                 GBP 23.90
    Liabilities:UK:Halifax:Clarity

2025-05-20 * Settlement Halifax Clarity
    Liabilities:UK:Halifax:Clarity        GBP 169.75
    Assets:UK:Halifax:Current-Account
