;; -*- mode: ledger; coding: utf-8 -*-

2025-08-01 * 111 Capital wage
    Assets:FR:BforBank:Compte-Courant    EUR 6371.58
    Income:FR:111Capital:Salary

* Cash transactions
2025-08-05 * Cigarettes
    Expenses:Cigarettes                       EUR 13
    Assets:FR:Cash

2025-08-05 * Baguette
    Expenses:Food:Groceries                 EUR 1.35
    Assets:FR:Cash

2025-08-09 * Tennis lesson
    Expenses:Health:Sport                     EUR 50
    Assets:FR:Cash

2025-08-11 * Baguette
    Expenses:Food:Groceries                 EUR 1.35
    Assets:FR:Cash

* BforBank transactions
2025-08-01 * Restaurant Le Griffonnier Arnaud
    Expenses:Food:Restaurants                EUR 113
    Assets:FR:BforBank:Compte-Courant

2025-08-01 * Cigarettes
    Expenses:Cigarettes                       EUR 13
    Assets:FR:BforBank:Compte-Courant

2025-08-02 * Rent Citeaux
    Expenses:Home:Rent                      EUR 1330
    Assets:FR:BforBank:Compte-Courant

2025-08-02 * Cigarettes
    Expenses:Cigarettes                       EUR 13
    Assets:FR:BforBank:Compte-Courant

2025-08-02 * Cafe
    Expenses:Food:Cafe                      EUR 2.10
    Assets:FR:BforBank:Compte-Courant

2025-08-02 * Navigo
    Expenses:Transportation:PublicTransport  EUR 88.80
    Assets:FR:BforBank:Compte-Courant

2025-08-02 * Cafe Gaia
    Expenses:Food:Cafe                      EUR 4.50
    Assets:FR:BforBank:Compte-Courant

2025-08-03 * Clinique Drouot Consultation
    Expenses:Health:Doctor                   EUR 100
    Assets:FR:BforBank:Compte-Courant

2025-08-03 * Cafe Montreuil and Banana bread
    Expenses:Food:Cafe                     EUR 16.80
    Assets:FR:BforBank:Compte-Courant

2025-08-03 * Cigarettes
    Expenses:Cigarettes                       EUR 13
    Assets:FR:BforBank:Compte-Courant

2025-08-04 * Ice Cream Creme Vincennes
    Expenses:Food:Snack                        EUR 4
    Assets:FR:BforBank:Compte-Courant

2025-08-04 * HelloFresh
    Expenses:Food:Groceries                EUR 48.94
    Assets:FR:BforBank:Compte-Courant

2025-08-04 * Urban Bakery Vincennes
    Expenses:Food:Groceries                 EUR 4.80
    Assets:FR:BforBank:Compte-Courant

2025-08-04 * Cafe Vincennes Le Marigny
    Expenses:Food:Cafe                         EUR 5
    Assets:FR:BforBank:Compte-Courant

2025-08-04 * Tennis court booking
    Expenses:Entertainment:Social:Sports      EUR 12
    Assets:FR:BforBank:Compte-Courant

2025-08-05 * MacroFactor subscription
    Expenses:Subscriptions:Software        EUR 13.99
    Assets:FR:BforBank:Compte-Courant

2025-08-05 * ChatGPT subscription
    Expenses:Subscriptions:Software        EUR 21.99
    Assets:FR:BforBank:Compte-Courant

2025-08-05 * Cash withdrawal
    Assets:FR:Cash                            EUR 20
    Assets:FR:BforBank:Compte-Courant

2025-08-05 * MRI Knee
    Expenses:Health:Doctor                   EUR 225
    Assets:FR:BforBank:Compte-Courant

2025-08-06 * Cigarettes
    Expenses:Cigarettes                       EUR 13
    Assets:FR:BforBank:Compte-Courant

2025-08-06 * Cafe Nuances
    Expenses:Food:Cafe                      EUR 6.93
    Assets:FR:BforBank:Compte-Courant

2025-08-06 * Revolut transfer
    Assets:UK:Revolut:Personal:EUR           EUR 100
    Assets:FR:BforBank:Compte-Courant

2025-08-06 * GP consultation
    Expenses:Health:Doctor                     EUR 9
    Assets:FR:BforBank:Compte-Courant

2025-08-07 * Refund MRI Knee Private Health Insurance
    Assets:FR:BforBank:Compte-Courant     EUR 181.72
    Expenses:Health:Doctor

2025-08-08 * GP consultation refund
    Assets:FR:BforBank:Compte-Courant          EUR 9
    Expenses:Health:Doctor

2025-08-08 * Refund CPAM
    Assets:FR:BforBank:Compte-Courant      EUR 23.03
    Expenses:Health:Doctor

2025-08-09 * Cash withdrawal
    Assets:FR:Cash                            EUR 60
    Assets:FR:BforBank:Compte-Courant

2025-08-09 * Google Play Head 2 Ball
    Expenses:Entertainment:Digital          EUR 6.99
    Assets:FR:BforBank:Compte-Courant

2025-08-09 * Deliveroo tip
    Expenses:GiftsCharity:Charity           EUR 2.09
    Assets:FR:BforBank:Compte-Courant

2025-08-09 * Cigarettes
    Expenses:Cigarettes                       EUR 13
    Assets:FR:BforBank:Compte-Courant

2025-08-09 * Cafe Touquet Plage
    Expenses:Food:Cafe                     EUR 12.30
    Assets:FR:BforBank:Compte-Courant

2025-08-10 * Tennis court booking Touquet
    Expenses:Entertainment:Social:Sports      EUR 28
    Assets:FR:BforBank:Compte-Courant

2025-08-11 * Transfer revolut
    Assets:UK:Revolut:Personal:EUR           EUR 100
    Assets:FR:BforBank:Compte-Courant

* Revolut transactions
2025-08-03 * Beeminder fine
    Expenses:Subscriptions:Software         EUR 4.40
    Assets:UK:Revolut:Personal:EUR

2025-08-04 * Trousers Dry-Cleaning
    Expenses:PersonalCare:Laundry              EUR 8
    Assets:UK:Revolut:Personal:EUR

2025-08-05 * Drinks with Aurelie
    Expenses:Entertainment:Social:Bars        EUR 13
    Assets:UK:Revolut:Personal:EUR

2025-08-06 * Cigarettes
    Expenses:Cigarettes                       EUR 13
    Assets:UK:Revolut:Personal:EUR

2025-08-07 * Beeminder
    Expenses:Subscriptions:Software         EUR 4.31
    Assets:UK:Revolut:Personal:EUR

2025-08-08 * Beeminder fine
    Expenses:Subscriptions:Software         EUR 4.31
    Assets:UK:Revolut:Personal:EUR

2025-08-07 * Cigarettes
    Expenses:Cigarettes                       EUR 13
    Assets:UK:Revolut:Personal:EUR

2025-08-08 * ChatGPT subscription for Mum
    Expenses:GiftsCharity:Gifts            EUR 19.17
    Assets:UK:Revolut:Personal:EUR

2025-08-08 * Cigarettes
    Expenses:Cigarettes                       EUR 13
    Assets:UK:Revolut:Personal:EUR

2025-08-08 * Le Monde Diplomatique
    Expenses:Entertainment:Reading:Magazines  EUR 5.90
    Assets:UK:Revolut:Personal:EUR

2025-08-09 * Mignardises
    Expenses:Food:Snack                       EUR 12
    Assets:UK:Revolut:Personal:EUR

2025-08-09 * Crepe Waikiki Bar
    Expenses:Food:Snack                     EUR 4.50
    Assets:UK:Revolut:Personal:EUR

2025-08-11 * Cigarettes
    Expenses:Cigarettes                       EUR 13
    Assets:UK:Revolut:Personal:EUR

2025-08-12 * Beeminder fine
    Expenses:Subscriptions:Software         EUR 4.33
    Assets:UK:Revolut:Personal:EUR

* Amex Gold transactions
2025-08-02 * Velib annual subscription
    Expenses:Transportation:Bikesharing     EUR 37.20
    Liabilities:FR:Amex:Gold

2025-08-02 * Paoloa restaurant Vincennes
    Expenses:Food:Restaurants                 EUR 42
    Liabilities:FR:Amex:Gold

2025-08-03 * Flights Athens
    Expenses:Travel:Flights                 EUR 1148
    Liabilities:FR:Amex:Gold

2025-08-03 * Flights Athens Aurelie's share
    Assets:FR:Receivables:Aurelie            EUR 574
    Expenses:Travel:Flights

2025-08-03 * Car rental Greece
    Expenses:Transportation:CarRental     EUR 168.49
    Liabilities:FR:Amex:Gold

2025-08-03 * Car rental Greece Aurelie's share
    Assets:FR:Receivables:Aurelie         EUR 84.245
    Expenses:Transportation:CarRental

2025-08-03 * Ferries Greece
    Expenses:Travel:Holidays              EUR 387.10
    Liabilities:FR:Amex:Gold

2025-08-03 * Ferries Greece Aurelie's share
    Assets:FR:Receivables:Aurelie         EUR 193.55
    Expenses:Travel:Holidays

2025-08-03 * Franprix
    Expenses:Food:Groceries                 EUR 9.62
    Liabilities:FR:Amex:Gold

2025-08-04 * Airbnb Greece
    Expenses:Travel:Holidays:Accommodation    EUR 420
    Liabilities:FR:Amex:Gold

2025-08-04 * Airbnb Greece Aurelie's share
    Assets:FR:Receivables:Aurelie            EUR 210
    Expenses:Travel:Holidays:Accommodation

2025-08-05 * R2 Training
    Expenses:Health:Gym                      EUR 179
    Liabilities:FR:Amex:Gold

2025-08-06 * Amex Gold subscription
    Expenses:Fees:CreditCard                  EUR 16
    Liabilities:FR:Amex:Gold

2025-08-08 * Books Amazon
    Expenses:Education:Books               EUR 45.69
    Liabilities:FR:Amex:Gold

2025-08-08 * Belkin battery pack
    Expenses:Shopping:Electronics          EUR 51.72
    Liabilities:FR:Amex:Gold

2025-08-08 * Vanish Oxi Action
    Expenses:Home                          EUR 10.45
    Liabilities:FR:Amex:Gold

2025-08-08 * Gornation resistance band
    Expenses:Shopping:Sport                EUR 14.90
    Liabilities:FR:Amex:Gold

2025-08-08 * Popelini
    Expenses:GiftsCharity:Gifts            EUR 39.49
    Liabilities:FR:Amex:Gold

2025-08-10 * Deliveroo Chez Antoine
    Expenses:Food:Delivery                 EUR 19.36
    Liabilities:FR:Amex:Gold

* Other liabilities
2025-08-03 * Hotel Skiatos
    Expenses:Travel:Holidays:Accommodation  EUR 141.80
    Liabilities:FR:Payables:Aurelie

2025-08-03 * Refund Aurelie
    Assets:FR:BforBank:Compte-Courant       EUR 1145
    Assets:FR:Receivables:Aurelie

2025-08-05 * Settlement with Aurelie
    Liabilities:FR:Payables:Aurelie       EUR 141.79
    Assets:FR:Receivables:Aurelie

2025-08-11 * Hotel Athens arrival
    Expenses:Travel:Holidays:Accommodation  EUR 53.38
    Liabilities:FR:Payables:Aurelie

2025-08-11 * Hotel wedding
    Expenses:Travel:Holidays:Accommodation    EUR 69
    Liabilities:FR:Payables:Aurelie

2025-08-11 * Hotel Spata
    Expenses:Travel:Holidays:Accommodation  EUR 44.86
    Liabilities:FR:Payables:Aurelie

* Investment funds valuation
2025-08-07 * Moneyfarm valuation  ;; net left after liquidating portfolio
    Assets:UK:Moneyfarm               = GBP 50415.54
    Equity:Unrealised-PnL:GBP
