;; -*- mode: ledger; coding: utf-8 -*-
2025-10-01 * 111 Capital wage
    Assets:FR:BforBank:Compte-Courant    EUR 6371.58
    Income:FR:111Capital:Salary

* Cash expenses
2025-10-02 * Gave cash to mum
    Expenses:GiftsCharity:Gifts                EUR 2
    Assets:FR:Cash

2025-10-04 * Crepe
    Expenses:Food:Snack                        EUR 4
    Assets:FR:Cash

2025-10-04 * Therapy
    Expenses:Health:Therapy                   EUR 120
    Assets:FR:Cash

2025-10-04 * Charity
    Expenses:GiftsCharity:Charity           EUR 0.50
    Assets:FR:Cash

2025-10-04 * Hairdresser
    Expenses:PersonalCare:Hair                EUR 12
    Assets:FR:Cash

* Bimpli meal card
2025-10-07 * Lunch
    Expenses:Food:OfficeLunch                 EUR 11
    Assets:FR:Bimpli

* BforBank transactions
2025-10-01 * Cigarettes
    Expenses:Cigarettes                       EUR 13
    Assets:FR:BforBank:Compte-Courant

2025-10-01 * Fisherman's Friend
    Expenses:Food:Snack                        EUR 2
    Assets:FR:BforBank:Compte-Courant

2025-10-01 * Paris Tennis court booking
    Expenses:Entertainment:Social:Sports      EUR 12
    Assets:FR:BforBank:Compte-Courant

2025-10-02 * Rent Citeaux
    Expenses:Home:Rent                      EUR 1330
    Assets:FR:BforBank:Compte-Courant

2025-10-02 * Cigarettes
    Expenses:Cigarettes                       EUR 13
    Assets:FR:BforBank:Compte-Courant

2025-10-02 * Navigo
    Expenses:Transportation:PublicTransport  EUR 88.80
    Assets:FR:BforBank:Compte-Courant

2025-10-04 * Ls Milagro Restaurant
    Expenses:Food:Restaurants                 EUR 75
    Assets:FR:BforBank:Compte-Courant

2025-10-05 * ChatGPT subscription
    Expenses:Subscriptions:Software        EUR 21.99
    Assets:FR:BforBank:Compte-Courant

2025-10-05 * MacroFactor subscription
    Expenses:Subscriptions:Software        EUR 13.99
    Assets:FR:BforBank:Compte-Courant

2025-10-05 * Settle liability with Aurelie
    Liabilities:FR:Payables:Aurelie            EUR 8
    Assets:FR:BforBank:Compte-Courant

2025-10-04 * Cash withdrawal
    Assets:FR:Cash                           EUR 140
    Assets:FR:BforBank:Compte-Courant

2025-10-06 * Transfer to CCF compte-joint
    Assets:FR:CCF:Compte-Joint                 EUR 2.40
    Assets:FR:BforBank:Compte-Courant

2025-10-06 * Cigarettes
    Expenses:Cigarettes                       EUR 13
    Assets:FR:BforBank:Compte-Courant

* CCF transactions
2025-10-02 * Frais tenue de compte
    Expenses:Fees:Bank                      EUR 2.40
    Assets:FR:CCF:Compte-Joint

* HSBC transactions
2025-10-07 * Transfer to Revolut
    Assets:UK:Revolut:Personal:GBP           GBP 100
    Assets:UK:HSBC:Current-Account

2025-10-07 * Transfer to Revolut
    Assets:UK:Revolut:Personal:GBP         GBP 17200
    Assets:UK:HSBC:Current-Account

* Revolut transactions
2025-10-01 * Cafe Nuances
    Expenses:Food:Cafe                     EUR 11.43
    Assets:UK:Revolut:Personal:EUR

2025-10-02 * Crepe Mama Mia
    Expenses:Food:Snack                        EUR 4
    Assets:UK:Revolut:Personal:EUR

2025-10-03 * Hotel La Bourdonnais Cocktail
    Expenses:Entertainment:Social:Bars        EUR 15
    Assets:UK:Revolut:Personal:EUR

2025-10-04 * Cafe painchoc and croissant
    Expenses:Food:Snack                     EUR 6.50
    Assets:UK:Revolut:Personal:EUR

2025-10-04 * Javey Bistrot drinks with Aurelie
    Expenses:Entertainment:Social:Bars      EUR 9.40
    Assets:UK:Revolut:Personal:EUR

2025-10-04 * Cigarettes
    Expenses:Cigarettes                    EUR 13.30
    Assets:UK:Revolut:Personal:EUR

2025-10-05 * Brunch with Glenn
    Expenses:Food:Restaurants                 EUR 30
    Assets:UK:Revolut:Personal:EUR

2025-10-06 * Beeminder fine
    Expenses:Subscriptions:Software         EUR 4.29
    Assets:UK:Revolut:Personal:EUR

2025-10-06 * Drinks with Auguste
    Expenses:Entertainment:Social:Bars        EUR 12
    Assets:UK:Revolut:Personal:EUR

2025-10-07 * Cafe Nuances
    Expenses:Food:Cafe                      EUR 8.55
    Assets:UK:Revolut:Personal:EUR

2025-10-07 * Buy EUR with GBP
    Assets:UK:Revolut:Personal:EUR      EUR 19898.42 @@ GBP 17300
    Assets:UK:Revolut:Personal:GBP

2025-10-07 * Transfer to CCF
    Assets:FR:CCF:Compte-Joint               EUR 100
    Assets:UK:Revolut:Personal:EUR

2025-10-07 * Transfer to CCF
    Assets:FR:CCF:Compte-Joint             EUR 17900
    Assets:UK:Revolut:Personal:EUR

2025-10-07 * Post office letter for AW
    Expenses:Misc                           EUR 7.30
    Assets:UK:Revolut:Personal:EUR

2025-10-07 * Cigarettes
    Expenses:Cigarettes                       EUR 13
    Assets:UK:Revolut:Personal:EUR

* Amex transactions
2025-10-03 * Velib
    Expenses:Transportation:Bikesharing       EUR 2
    Liabilities:FR:Amex:Gold

2025-10-03 * HelloFresh
    Expenses:Food:Groceries                EUR 48.94
    Liabilities:FR:Amex:Gold

2025-10-03 * Dott
    Expenses:Transportation:Bikesharing     EUR 8.14
    Liabilities:FR:Amex:Gold

2025-10-03 * Dott
    Expenses:Transportation:Bikesharing     EUR 1.75
    Liabilities:FR:Amex:Gold

2025-10-03 * Deliveroo Five Guys
    Expenses:Food:OfficeLunch              EUR 19.20
    Liabilities:FR:Amex:Gold

2025-10-04 * R2 Training
    Expenses:Health:Gym                      EUR 179
    Liabilities:FR:Amex:Gold

2025-10-05 * Dott
    Expenses:Transportation:Bikesharing     EUR 1.75
    Liabilities:FR:Amex:Gold

2025-10-05 * Dott
    Expenses:Transportation:Bikesharing     EUR 1.75
    Liabilities:FR:Amex:Gold

2025-10-06 Deliveroo fee
    Expenses:Food:OfficeLunch               EUR 2.15
    Liabilities:FR:Amex:Gold

2025-10-06 Deposit wooden floors  ; flat-vincennes:
    Expenses:Home:Furniture                 EUR 1000
    Liabilities:FR:Amex:Gold               EUR -1000
    Assets:FR:Receivables:Aurelie            EUR 500
    Expenses:Home:Furniture                 EUR -500
    Assets:FR:BforBank:Compte-Courant        EUR 500
    Assets:FR:Receivables:Aurelie           EUR -500

2025-10-07 Toothpaste
    Expenses:Health:Pharmacy                EUR 7.65
    Liabilities:FR:Amex:Gold
