;; -*- mode: ledger; coding: utf-8 -*-
2025-10-01 * 111 Capital wage
    Assets:FR:BforBank:Compte-Courant    EUR 6371.58
    Income:FR:111Capital:Salary

* Cash expenses
2025-10-02 * Gave cash to mum
    Expenses:GiftsCharity:Gifts                EUR 2
    Assets:FR:Cash

2025-10-04 * Crepe
    Expenses:Food:Snack                        EUR 4
    Assets:FR:Cash

2025-10-04 * Therapy
    Expenses:Health:Therapy                   EUR 120
    Assets:FR:Cash

2025-10-04 * Charity
    Expenses:GiftsCharity:Charity           EUR 0.50
    Assets:FR:Cash

2025-10-04 * Hairdresser
    Expenses:PersonalCare:Hair                EUR 12
    Assets:FR:Cash

2025-10-13 * Baguette
    Expenses:Food:Groceries                 EUR 1.35
    Assets:FR:Cash

2025-10-16 * Cigarettes
    Expenses:Cigarettes                       EUR 13
    Assets:FR:Cash

2025-10-16 * Therapy
    Expenses:Health:Therapy                  EUR 120
    Assets:FR:Cash

2025-10-16 * Beer
    Expenses:Entertainment:Social:Bars         EUR 5
    Assets:FR:Cash

2025-10-17 * Tennis lesson Joris
    Expenses:Health:Sport                      EUR 40
    Assets:FR:Cash

* Bimpli meal card
2025-10-07 * Lunch
    Expenses:Food:OfficeLunch                 EUR 11
    Assets:FR:Bimpli

2025-10-13 * Lunch Kayser
    Expenses:Food:OfficeLunch                 EUR 16
    Assets:FR:Bimpli

2025-10-14 * Lunch becchi
    Expenses:Food:OfficeLunch              EUR 21.30
    Assets:FR:Bimpli

2025-10-15 * Lunch Mister Garden
    Expenses:Food:OfficeLunch              EUR 18.80
    Assets:FR:Bimpli

2025-10-16 * Lunch Bistropolitain
    Expenses:Food:OfficeLunch              EUR 12.90
    Assets:FR:Bimpli

2025-10-20 * Lunch Bistropolitain
    Expenses:Food:OfficeLunch              EUR 12.90
    Assets:FR:Bimpli

2025-10-21 * Lunch Petit Panda
    Expenses:Food:OfficeLunch                 EUR 11
    Assets:FR:Bimpli

* BforBank transactions
2025-10-01 * Cigarettes
    Expenses:Cigarettes                       EUR 13
    Assets:FR:BforBank:Compte-Courant

2025-10-01 * Fisherman's Friend
    Expenses:Food:Snack                        EUR 2
    Assets:FR:BforBank:Compte-Courant

2025-10-01 * Tennis court booking Paris Tennis with Aurelie
    Expenses:Entertainment:Social:Sports      EUR 12
    Assets:FR:BforBank:Compte-Courant

2025-10-02 * Rent Citeaux
    Expenses:Home:Rent                      EUR 1330
    Assets:FR:BforBank:Compte-Courant

2025-10-02 * Cigarettes
    Expenses:Cigarettes                       EUR 13
    Assets:FR:BforBank:Compte-Courant

2025-10-02 * Navigo
    Expenses:Transportation:PublicTransport  EUR 88.80
    Assets:FR:BforBank:Compte-Courant

2025-10-04 * Ls Milagro Restaurant
    Expenses:Food:Restaurants                 EUR 75
    Assets:FR:BforBank:Compte-Courant

2025-10-05 * ChatGPT subscription
    Expenses:Subscriptions:Software        EUR 21.99
    Assets:FR:BforBank:Compte-Courant

2025-10-05 * MacroFactor subscription
    Expenses:Subscriptions:Software        EUR 13.99
    Assets:FR:BforBank:Compte-Courant

2025-10-05 * Settle liability with Aurelie
    Liabilities:FR:Payables:Aurelie            EUR 8
    Assets:FR:BforBank:Compte-Courant

2025-10-04 * Cash withdrawal
    Assets:FR:Cash                           EUR 140
    Assets:FR:BforBank:Compte-Courant

2025-10-06 * Transfer to CCF
    Assets:FR:CCF:Compte-Joint              EUR 2.40
    Assets:FR:BforBank:Compte-Courant

2025-10-06 * Cigarettes
    Expenses:Cigarettes                       EUR 13
    Assets:FR:BforBank:Compte-Courant

2025-10-07 * Kine Boetie
    Expenses:Health:Doctor                   EUR 110
    Assets:FR:BforBank:Compte-Courant

2025-10-08 * Cigarettes + Briquet
    Expenses:Cigarettes                       EUR 15
    Assets:FR:BforBank:Compte-Courant

2025-10-09 * Flowers for Aurelie
    Expenses:GiftsCharity:Gifts               EUR 40
    Assets:FR:BforBank:Compte-Courant

2025-10-10 * Cigarettes
    Expenses:Cigarettes                       EUR 13
    Assets:FR:BforBank:Compte-Courant

2025-10-10 * Grok subscription
    Expenses:Subscriptions:Software        EUR 33.99
    Assets:FR:BforBank:Compte-Courant

2025-10-13 * Tennis court booking lesson with Joris
    Expenses:Health:Sport:Tennis              EUR 12
    Assets:FR:BforBank:Compte-Courant

2025-10-13 * Charles consultation
    Expenses:Health:Doctor                    EUR 35
    Assets:FR:BforBank:Compte-Courant

2025-10-13 * Tennis classes Match Point
    Expenses:Health:Sport:Tennis                    EUR 785
    Assets:FR:BforBank:Compte-Courant

2025-10-14 * Refund Alan physiotherapy
    Assets:FR:BforBank:Compte-Courant      EUR 42.42
    Expenses:Health:Doctor

2025-10-14 * Refund Alan physiotherapy
    Assets:FR:BforBank:Compte-Courant      EUR 42.42
    Expenses:Health:Doctor

2025-10-15 * Refund CPAM
    Assets:FR:BforBank:Compte-Courant      EUR 21.16
    Expenses:Health:Doctor

2025-10-16 * Cigarettes
    Expenses:Cigarettes                       EUR 13
    Assets:FR:BforBank:Compte-Courant

2025-10-16 * Cash withdrawal
    Assets:FR:Cash                           EUR 160
    Assets:FR:BforBank:Compte-Courant

2025-10-17 * Tennis lesson Touquet Tennis Club
    Expenses:Health:Sport:Tennis              EUR 35
    Liabilities:FR:Payables:Aurelie          EUR -35
    Liabilities:FR:Payables:Aurelie           EUR 35
    Assets:FR:BforBank:Compte-Courant        EUR -35

2025-10-17 * Tickets Paris Masters 2025
    Expenses:Entertainment:Events:Sports      EUR 44
    Assets:FR:BforBank:Compte-Courant

2025-10-18 * Fitness Park
    Expenses:Health:Gym                       EUR 60
    Assets:FR:BforBank:Compte-Courant

2025-10-18 * EDF
    Expenses:Home:Utilities:Electricity    EUR 52.69
    Assets:FR:BforBank:Compte-Courant

2025-10-17 * Cash witdrawal
    Assets:FR:Cash                            EUR 20
    Assets:FR:BforBank:Compte-Courant

2025-10-21 * Tennis court booking Paris Tennis
    Expenses:Health:Sport:Tennis              EUR 87
    Assets:FR:BforBank:Compte-Courant

* CCF transactions
2025-10-02 * Frais tenue de compte
    Expenses:Fees:Bank                      EUR 2.40
    Assets:FR:CCF:Compte-Joint

2025-10-14 * Transfer to LDDS
    Assets:FR:CCF:LDDS                        EUR 10
    Assets:FR:CCF:Compte-Joint

* HSBC transactions
2025-10-07 * Transfer to Revolut
    Assets:UK:Revolut:Personal:GBP           GBP 100
    Assets:UK:HSBC:Current-Account

2025-10-07 * Transfer to Revolut
    Assets:UK:Revolut:Personal:GBP         GBP 17200
    Assets:UK:HSBC:Current-Account

2025-10-21 * Transfer to Revolut
    Assets:UK:Revolut:Personal:GBP      GBP 32690.54
    Assets:UK:HSBC:Current-Account

* Revolut transactions
2025-10-01 * Cafe Nuances
    Expenses:Food:Cafe                     EUR 11.43
    Assets:UK:Revolut:Personal:EUR

2025-10-02 * Crepe Mama Mia
    Expenses:Food:Snack                        EUR 4
    Assets:UK:Revolut:Personal:EUR

2025-10-03 * Hotel La Bourdonnais Cocktail
    Expenses:Entertainment:Social:Bars        EUR 15
    Assets:UK:Revolut:Personal:EUR

2025-10-04 * Cafe painchoc and croissant
    Expenses:Food:Snack                     EUR 6.50
    Assets:UK:Revolut:Personal:EUR

2025-10-04 * Javey Bistrot drinks with Aurelie
    Expenses:Entertainment:Social:Bars      EUR 9.40
    Assets:UK:Revolut:Personal:EUR

2025-10-04 * Cigarettes
    Expenses:Cigarettes                    EUR 13.30
    Assets:UK:Revolut:Personal:EUR

2025-10-05 * Brunch with Glenn
    Expenses:Food:Restaurants                 EUR 30
    Assets:UK:Revolut:Personal:EUR

2025-10-06 * Beeminder fine
    Expenses:Subscriptions:Software         EUR 4.29
    Assets:UK:Revolut:Personal:EUR

2025-10-06 * Drinks with Auguste
    Expenses:Entertainment:Social:Bars        EUR 12
    Assets:UK:Revolut:Personal:EUR

2025-10-07 * Cafe Nuances
    Expenses:Food:Cafe                      EUR 8.55
    Assets:UK:Revolut:Personal:EUR

2025-10-07 * Buy EUR with GBP
    Assets:UK:Revolut:Personal:EUR      EUR 19898.42 @@ GBP 17300
    Assets:UK:Revolut:Personal:GBP

2025-10-07 * Transfer to CCF
    Assets:FR:CCF:Compte-Joint               EUR 100
    Assets:UK:Revolut:Personal:EUR

2025-10-07 * Transfer to CCF
    Assets:FR:CCF:Compte-Joint             EUR 17900
    Assets:UK:Revolut:Personal:EUR

2025-10-07 * Post office letter for AW
    Expenses:Misc                           EUR 7.30
    Assets:UK:Revolut:Personal:EUR

2025-10-07 * Cigarettes
    Expenses:Cigarettes                       EUR 13
    Assets:UK:Revolut:Personal:EUR

2025-10-08 * ChatGPT for Mum
    Expenses:GiftsCharity:Gifts            EUR 19.17
    Assets:UK:Revolut:Personal:EUR

2025-10-08 * Cigarettes
    Expenses:Cigarettes                       EUR 13
    Assets:UK:Revolut:Personal:EUR

2025-10-10 * Carrefour
    Expenses:Food:Groceries                EUR 23.03
    Assets:UK:Revolut:Personal:EUR

2025-10-11 * Beeminder fine
    Expenses:Subscriptions:Software         EUR 4.33
    Assets:UK:Revolut:Personal:EUR

2025-10-11 * Beeminder fine
    Expenses:Subscriptions:Software         EUR 4.33
    Assets:UK:Revolut:Personal:EUR

2025-10-11 * Lebara mobile
    Expenses:Home:Utilities:MobilePhone     EUR 5.77
    Assets:UK:Revolut:Personal:EUR

2025-10-11 * Cigarettes
    Expenses:Cigarettes                       EUR 13
    Assets:UK:Revolut:Personal:EUR

2025-10-12 * Cigarettes
    Expenses:Cigarettes                       EUR 13
    Assets:UK:Revolut:Personal:EUR

2025-10-13 * Cigarettes
    Expenses:Cigarettes                       EUR 13
    Assets:UK:Revolut:Personal:EUR

2025-10-14 * Cafe Nuances
    Expenses:Food:Cafe                      EUR 4.50
    Assets:UK:Revolut:Personal:EUR

2025-10-14 * Cigarettes
    Expenses:Cigarettes                       EUR 13
    Assets:UK:Revolut:Personal:EUR

2025-10-14 * Fisherman's Friend
    Expenses:Food:Snack                     EUR 2.70
    Assets:UK:Revolut:Personal:EUR

2025-10-15 * SNCF Haut-de-France TER card
    Expenses:Travel:Train                     EUR 30
    Assets:UK:Revolut:Personal:EUR

2025-10-15 * Le Rubis - Drinks with Isky
    Expenses:Entertainment:Social:Bars     EUR 13.40
    Assets:UK:Revolut:Personal:EUR

2025-10-16 * Beeminder fine
    Expenses:Subscriptions:Software         EUR 4.32
    Assets:UK:Revolut:Personal:EUR

2025-10-16 * Beeminder fine
    Expenses:Subscriptions:Software         EUR 4.32
    Assets:UK:Revolut:Personal:EUR

2025-10-16 * Beeminder fine
    Expenses:Subscriptions:Software         EUR 4.32
    Assets:UK:Revolut:Personal:EUR

2025-10-16 * Carrefour
    Expenses:Food:Groceries                 EUR 3.70
    Assets:UK:Revolut:Personal:EUR

2025-10-17 * Cafe Nuances
    Expenses:Food:Cafe                      EUR 4.50
    Assets:UK:Revolut:Personal:EUR

2025-10-17 * Cigarettes
    Expenses:Cigarettes                       EUR 13
    Assets:UK:Revolut:Personal:EUR

2025-10-17 * Water bottle
    Expenses:Food:Snack                        EUR 2
    Assets:UK:Revolut:Personal:EUR

2025-10-17 * Sandwich train Touquet  ; aurelie:
    Expenses:Food:Snack                     EUR 13.55
    Assets:UK:Revolut:Personal:EUR

2025-10-18 * Lola et Smith cafe  ; aurelie:
    Expenses:Food:Cafe                         EUR 8
    Assets:UK:Revolut:Personal:EUR

2025-10-18 * Cigarettes
    Expenses:Cigarettes                       EUR 13
    Assets:UK:Revolut:Personal:EUR

2025-10-18 * Waikiki drinks
    Expenses:Entertainment:Social:Bars      EUR 8.50
    Assets:UK:Revolut:Personal:EUR

2025-10-20 * Beeminder fine
    Expenses:Subscriptions:Software         EUR 4.32
    Assets:UK:Revolut:Personal:EUR

2025-10-20 * Cigarettes
    Expenses:Cigarettes                       EUR 15
    Assets:UK:Revolut:Personal:EUR

2025-10-20 * Cafe Nuances
    Expenses:Food:Cafe                      EUR 9.45
    Assets:UK:Revolut:Personal:EUR

2025-10-20 * On Your Whey - Protein drink
    Expenses:Food:Snack                     EUR 2.80
    Assets:UK:Revolut:Personal:EUR

2025-10-20 * cojean - yoghurt dessert
    Expenses:Food:OfficeLunch               EUR 5.30
    Assets:UK:Revolut:Personal:EUR

2025-10-21 * Cigarettes
    Expenses:Cigarettes                       EUR 13
    Assets:UK:Revolut:Personal:EUR

2025-10-21 * Buy EUR with GBP
    Assets:UK:Revolut:Personal:EUR      EUR 34098.53 @@ GBP 29632.18
    Assets:UK:Revolut:Personal:GBP

2025-10-21 * Transfer to CCF
    Assets:FR:CCF:Compte-Joint          EUR 34098.53
    Assets:UK:Revolut:Personal:EUR

* Amex transactions
2025-10-03 * Velib
    Expenses:Transportation:Bikesharing       EUR 2
    Liabilities:FR:Amex:Gold

2025-10-03 * HelloFresh
    Expenses:Food:Groceries                EUR 48.94
    Liabilities:FR:Amex:Gold

2025-10-03 * Dott
    Expenses:Transportation:Bikesharing     EUR 8.14
    Liabilities:FR:Amex:Gold

2025-10-03 * Dott
    Expenses:Transportation:Bikesharing     EUR 1.75
    Liabilities:FR:Amex:Gold

2025-10-03 * Deliveroo Five Guys
    Expenses:Food:OfficeLunch              EUR 19.20
    Liabilities:FR:Amex:Gold

2025-10-04 * R2 Training
    Expenses:Health:Gym                      EUR 179
    Liabilities:FR:Amex:Gold

2025-10-05 * Dott
    Expenses:Transportation:Bikesharing     EUR 1.75
    Liabilities:FR:Amex:Gold

2025-10-05 * Dott
    Expenses:Transportation:Bikesharing     EUR 1.75
    Liabilities:FR:Amex:Gold

2025-10-06 * Amex gold subscription
    Expenses:Fees:CreditCard                  EUR 16
    Liabilities:FR:Amex:Gold

2025-10-05 * Dott
    Expenses:Transportation:Bikesharing     EUR 1.75
    Liabilities:FR:Amex:Gold

2025-10-06 * Deliveroo fee
    Expenses:Food:OfficeLunch               EUR 2.15
    Liabilities:FR:Amex:Gold

2025-10-06 * Deposit wooden floors  ; flat-vincennes:
    Expenses:Home:Furniture                 EUR 1000
    Liabilities:FR:Amex:Gold               EUR -1000
    Assets:FR:Receivables:Aurelie            EUR 500
    Expenses:Home:Furniture                 EUR -500
    Assets:FR:BforBank:Compte-Courant        EUR 500
    Assets:FR:Receivables:Aurelie           EUR -500

2025-10-07 * Toothpaste
    Expenses:Health:Pharmacy                EUR 7.65
    Liabilities:FR:Amex:Gold

2025-10-08 * DIY class Leroy-Merlin
    Expenses:Home:Maintenance                 EUR 25
    Liabilities:FR:Amex:Gold

2025-10-09 * Restaurant Bar Le Shack  ; aurelie:
    Expenses:Food:Restaurants              EUR 80
    Liabilities:FR:Amex:Gold

2025-10-10 * Amex gold settlement
    Liabilities:FR:Amex:Gold              EUR 958.82
    Assets:FR:BforBank:Compte-Courant

2025-10-10 * Deliveroo fee
    Expenses:Food:OfficeLunch               EUR 2.22
    Liabilities:FR:Amex:Gold

2025-10-10 * HelloFresh
    Expenses:Food:Groceries                EUR 48.94
    Liabilities:FR:Amex:Gold

2025-10-11 * Pan Bar
    Expenses:Entertainment:Events             EUR 60
    Liabilities:FR:Amex:Gold

2025-10-11 * Pan Bar drinks and food
    Expenses:Entertainment:Social:Bars        EUR 54
    Liabilities:FR:Amex:Gold

2025-10-14 * Charles prescription
    Expenses:Health:Pharmacy                  EUR 95
    Liabilities:FR:Amex:Gold

2025-10-16 * Dott ride
    Expenses:Transportation:Bikesharing     EUR 1.75
    Liabilities:FR:Amex:Gold

2025-10-17 * Dott ride
    Expenses:Transportation:Bikesharing     EUR 1.75
    Liabilities:FR:Amex:Gold
