;; -*- mode: ledger; coding: utf-8 -*-
2025-10-01 * 111 Capital wage
    Assets:FR:BforBank:Compte-Courant    EUR 6371.58
    Income:FR:111Capital:Salary

* Cash expenses
2025-10-02 * Gave cash to mum
    Expenses:GiftsCharity:Gifts                EUR 2
    Assets:Cash:EUR

2025-10-04 * Crepe
    Expenses:Food:Snack                        EUR 4
    Assets:Cash:EUR

2025-10-04 * Therapy
    Expenses:Health:Therapy                  EUR 120
    Assets:Cash:EUR

2025-10-04 * Charity
    Expenses:GiftsCharity:Charity           EUR 0.50
    Assets:Cash:EUR

2025-10-04 * Hairdresser
    Expenses:PersonalCare:Hair                EUR 12
    Assets:Cash:EUR

2025-10-13 * Baguette
    Expenses:Food:Groceries                 EUR 1.35
    Assets:Cash:EUR

2025-10-16 * Cigarettes
    Expenses:Cigarettes                       EUR 13
    Assets:Cash:EUR

2025-10-16 * Therapy
    Expenses:Health:Therapy                  EUR 120
    Assets:Cash:EUR

2025-10-16 * Beer
    Expenses:Entertainment:Social:Bars         EUR 5
    Assets:Cash:EUR

2025-10-17 * Tennis lesson with Joris
    Expenses:Health:Sport:Tennis              EUR 40
    Assets:Cash:EUR

2025-10-23 * Cigarettes
    Expenses:Cigarettes                       EUR 13
    Assets:Cash:EUR

2025-10-25 * Unaccounted cash expenses
    Expenses:Misc:Unaccounted               EUR 8.10
    Assets:Cash:EUR

2025-10-26 * Cigarettes
    Expenses:Cigarettes                       EUR 13
    Assets:Cash:EUR

2025-10-26 * Cigarettes
    Expenses:Cigarettes                       EUR 13
    Assets:Cash:EUR

2025-10-31 * Therapy
    Expenses:Health:Therapy                  EUR 120
    Assets:Cash:EUR

2025-10-31 * Pain au chocolat
    Expenses:Food:Snack                     EUR 1.30
    Assets:Cash:EUR

2025-10-31 * Cigarettes
    Expenses:Cigarettes                       EUR 13
    Assets:Cash:EUR

* Bimpli meal card
2025-10-07 * Lunch
    Expenses:Food:OfficeLunch                 EUR 11
    Assets:FR:Bimpli

2025-10-13 * Lunch Kayser
    Expenses:Food:OfficeLunch                 EUR 16
    Assets:FR:Bimpli

2025-10-14 * Lunch becchi
    Expenses:Food:OfficeLunch              EUR 21.30
    Assets:FR:Bimpli

2025-10-15 * Lunch Mister Garden
    Expenses:Food:OfficeLunch              EUR 18.80
    Assets:FR:Bimpli

2025-10-16 * Lunch Bistropolitain
    Expenses:Food:OfficeLunch              EUR 12.90
    Assets:FR:Bimpli

2025-10-20 * Lunch Bistropolitain
    Expenses:Food:OfficeLunch              EUR 12.90
    Assets:FR:Bimpli

2025-10-21 * Lunch Petit Panda
    Expenses:Food:OfficeLunch                 EUR 11
    Assets:FR:Bimpli

2025-10-23 * Lunch Mister Garden
    Expenses:Food:OfficeLunch              EUR 15.30
    Assets:FR:Bimpli

2025-10-24 * Durum Saint-Michel
    Expenses:Food:FastFood                  EUR 8.90
    Assets:FR:Bimpli

2025-10-27 * Lunch Bagnard
    Expenses:Food:OfficeLunch                 EUR 18
    Assets:FR:Bimpli

2025-10-27 * Assert balance as seen on receipt from Bagnard
    Assets:FR:Bimpli  == EUR 301.08
    Expenses:Food:OfficeLunch

2025-10-28 * Lunch Petit Panda
    Expenses:Food:OfficeLunch                 EUR 11
    Assets:FR:Bimpli

2025-10-30 * Lunch Mister Garden
    Expenses:Food:OfficeLunch              EUR 20.30
    Assets:FR:Bimpli

2025-10-30 * Assert balance as seen on receipt from Mister Garden
    Assets:FR:Bimpli  == EUR 267.38
    Expenses:Food:OfficeLunch

* BforBank transactions
2025-10-01 * Cigarettes
    Expenses:Cigarettes                       EUR 13
    Assets:FR:BforBank:Compte-Courant

2025-10-01 * Fisherman's Friend
    Expenses:Food:Snack                        EUR 2
    Assets:FR:BforBank:Compte-Courant

2025-10-01 * Tennis court booking Paris Tennis with Aurelie
    Expenses:Health:Sport:Tennis              EUR 12
    Assets:FR:BforBank:Compte-Courant

2025-10-02 * Rent Citeaux
    Expenses:Home:Rent                      EUR 1330
    Assets:FR:BforBank:Compte-Courant

2025-10-02 * Cigarettes
    Expenses:Cigarettes                       EUR 13
    Assets:FR:BforBank:Compte-Courant

2025-10-02 * Navigo
    Expenses:Transportation:PublicTransport  EUR 88.80
    Assets:FR:BforBank:Compte-Courant

2025-10-04 * Ls Milagro Restaurant
    Expenses:Food:Restaurants                 EUR 75
    Assets:FR:BforBank:Compte-Courant

2025-10-05 * ChatGPT subscription for mum
    Expenses:GiftsCharity:Gifts            EUR 21.99
    Assets:FR:BforBank:Compte-Courant

2025-10-05 * MacroFactor subscription
    Expenses:Subscriptions:Software        EUR 13.99
    Assets:FR:BforBank:Compte-Courant

2025-10-05 * Settle liability with Aurelie
    Liabilities:Payables:Aurelie            EUR 8
    Assets:FR:BforBank:Compte-Courant

2025-10-04 * Cash withdrawal
    Assets:Cash:EUR                           EUR 140
    Assets:FR:BforBank:Compte-Courant

2025-10-06 * Transfer to CCF joint-account
    Assets:FR:CCF:Compte-Joint:Jean              EUR 2.40
    Assets:FR:BforBank:Compte-Courant

2025-10-06 * Cigarettes
    Expenses:Cigarettes                       EUR 13
    Assets:FR:BforBank:Compte-Courant

2025-10-07 * Kine Boetie
    Expenses:Health:Doctor                   EUR 110
    Assets:FR:BforBank:Compte-Courant

2025-10-08 * Cigarettes + Briquet
    Expenses:Cigarettes                       EUR 15
    Assets:FR:BforBank:Compte-Courant

2025-10-09 * Flowers for Aurelie
    Expenses:GiftsCharity:Gifts               EUR 40
    Assets:FR:BforBank:Compte-Courant

2025-10-10 * Cigarettes
    Expenses:Cigarettes                       EUR 13
    Assets:FR:BforBank:Compte-Courant

2025-10-10 * Grok subscription
    Expenses:Subscriptions:Software        EUR 33.99
    Assets:FR:BforBank:Compte-Courant

2025-10-13 * Tennis court booking Paris Tennis for lesson
    Expenses:Health:Sport:Tennis              EUR 12
    Assets:FR:BforBank:Compte-Courant

2025-10-13 * Charles consultation
    Expenses:Health:Doctor                    EUR 35
    Assets:FR:BforBank:Compte-Courant

2025-10-13 * Tennis classes Match Point
    Expenses:Health:Sport:Tennis             EUR 785
    Assets:FR:BforBank:Compte-Courant

2025-10-14 * Refund Alan physiotherapy
    Assets:FR:BforBank:Compte-Courant      EUR 42.42
    Expenses:Health:Doctor

2025-10-14 * Refund Alan physiotherapy
    Assets:FR:BforBank:Compte-Courant      EUR 42.42
    Expenses:Health:Doctor

2025-10-15 * Refund CPAM
    Assets:FR:BforBank:Compte-Courant      EUR 21.16
    Expenses:Health:Doctor

2025-10-16 * Cigarettes
    Expenses:Cigarettes                       EUR 13
    Assets:FR:BforBank:Compte-Courant

2025-10-16 * Cash withdrawal
    Assets:Cash:EUR                          EUR 160
    Assets:FR:BforBank:Compte-Courant

2025-10-17 * Tennis lesson Touquet Tennis Club
    Expenses:Health:Sport:Tennis              EUR 35
    Liabilities:Payables:Aurelie             EUR -35
    Liabilities:Payables:Aurelie              EUR 35
    Assets:FR:BforBank:Compte-Courant        EUR -35

2025-10-17 * Tickets Paris Masters 2025  ; aurelie:
    Expenses:Entertainment:Events:Sports      EUR 44
    Assets:FR:BforBank:Compte-Courant

2025-10-18 * Fitness Park
    Expenses:Health:Gym                       EUR 60
    Assets:FR:BforBank:Compte-Courant

2025-10-18 * EDF
    Expenses:Home:Utilities:Electricity    EUR 52.69
    Assets:FR:BforBank:Compte-Courant

2025-10-17 * Cash witdrawal
    Assets:Cash:EUR                           EUR 20
    Assets:FR:BforBank:Compte-Courant

2025-10-21 * Tennis court booking Paris Tennis 10-hour package
    Expenses:Health:Sport:Tennis              EUR 87
    Assets:FR:BforBank:Compte-Courant

2025-10-22 * Luko assurance  ; flat-vincennes:
    Expenses:Insurance:Home               EUR 160.44
    Assets:FR:BforBank:Compte-Courant    EUR -160.44
    Assets:Receivables:Aurelie             EUR 80.22
    Expenses:Insurance:Home               EUR -80.22

2025-10-23 * Transfer to CCF joint-account
    Assets:FR:CCF:Compte-Joint:Jean     EUR 100
    Assets:FR:BforBank:Compte-Courant

2025-10-23 * Cash withdrawal
    Assets:Cash:EUR                           EUR 20
    Assets:FR:BforBank:Compte-Courant

2025-10-24 * Transfer to CCF joint-account
    Assets:FR:CCF:Compte-Joint:Jean   EUR 29900
    Assets:FR:BforBank:Compte-Courant

2025-10-24 * SFR
    Expenses:Home:Utilities:MobilePhone    EUR 11.99
    Assets:FR:BforBank:Compte-Courant

2025-10-26 * Repay loan from Isky
    Liabilities:Payables:Iskander            EUR 100
    Assets:FR:BforBank:Compte-Courant

2025-10-27 * Repay loan from Isky
    Liabilities:Payables:Iskander          EUR 24900
    Assets:FR:BforBank:Compte-Courant

2025-10-26 * Cash withdrawal
    Assets:Cash:EUR                           EUR 20
    Assets:FR:BforBank:Compte-Courant

2025-10-29 * Cash withdrawal
    Assets:Cash:EUR                           EUR 20
    Assets:FR:BforBank:Compte-Courant

2025-10-29 * Sandwich Saint Mande
    Expenses:Food:Snack                     EUR 8.90
    Assets:FR:BforBank:Compte-Courant

2025-10-29 * Cigarettes
    Expenses:Cigarettes                       EUR 13
    Assets:FR:BforBank:Compte-Courant

2025-10-29 * Fisherman's Friend
    Expenses:Food:Snack                     EUR 2.50
    Assets:FR:BforBank:Compte-Courant

2025-10-29 * Cafe Ounissi  ; aurelie:
    Expenses:Food:Cafe                      EUR 6.20
    Assets:FR:BforBank:Compte-Courant

2025-10-31 * Dr Jomaah
    Expenses:Health:Doctor                   EUR 200
    Assets:FR:BforBank:Compte-Courant

2025-10-31 * Navigo
    Expenses:Transportation:PublicTransport  EUR 88.80
    Assets:FR:BforBank:Compte-Courant

2025-10-31 * Cash withdrawal
    Assets:Cash:EUR                          EUR 300
    Assets:FR:BforBank:Compte-Courant

* Boursobank transactions
2025-10-21 * Kayser
    Expenses:Food:Snack                     EUR 2.40
    Assets:FR:BoursoBank:Compte-Courant

* CCF transactions
2025-10-06 * Frais tenue de compte
    Expenses:Finance:Bank                   EUR 1.20
    Assets:FR:CCF:Compte-Joint:Jean

2025-10-14 * Transfer to LDDS
    Assets:FR:CCF:LDDS                        EUR 10
    Assets:FR:CCF:Compte-Joint:Jean

2025-10-22 * Loan from Mum
    Assets:FR:CCF:Compte-Joint:Jean     EUR 100
    Liabilities:Payables:Mum

2025-10-22 * Loan from Isky
    Assets:FR:CCF:Compte-Joint:Jean     EUR 100
    Liabilities:Payables:Iskander

2025-10-22 * Loan from Isky
    Assets:FR:CCF:Compte-Joint:Jean    EUR 9900
    Liabilities:Payables:Iskander

2025-10-23 * Loan from Isky
    Assets:FR:CCF:Compte-Joint:Jean   EUR 15000
    Liabilities:Payables:Iskander

2025-10-24 * Loan from Mum
    Assets:FR:CCF:Compte-Joint:Jean   EUR 29900
    Liabilities:Payables:Mum

2025-10-26 * Repay loan from Mum
    Liabilities:Payables:Mum              EUR 100
    Assets:FR:CCF:Compte-Joint:Jean

2025-10-28 * Repay loan from Mum
    Liabilities:Payables:Mum              EUR 29,900
    Assets:FR:CCF:Compte-Joint:Jean

* HSBC transactions
2025-10-07 * Transfer to Revolut
    Assets:UK:Revolut:Personal:GBP           GBP 100
    Assets:UK:HSBC:Current-Account

2025-10-07 * Transfer to Revolut
    Assets:UK:Revolut:Personal:GBP         GBP 17200
    Assets:UK:HSBC:Current-Account

2025-10-21 * Transfer to Revolut
    Assets:UK:Revolut:Personal:GBP      GBP 32690.54
    Assets:UK:HSBC:Current-Account

* Revolut transactions
2025-10-01 * Cafe Nuances
    Expenses:Food:Cafe                     EUR 11.43
    Assets:UK:Revolut:Personal:EUR

2025-10-02 * Crepe Mama Mia
    Expenses:Food:Snack                        EUR 4
    Assets:UK:Revolut:Personal:EUR

2025-10-03 * Hotel La Bourdonnais Cocktail
    Expenses:Entertainment:Social:Bars        EUR 15
    Assets:UK:Revolut:Personal:EUR

2025-10-04 * Cafe painchoc and croissant
    Expenses:Food:Snack                     EUR 6.50
    Assets:UK:Revolut:Personal:EUR

2025-10-04 * Javey Bistrot drinks with Aurelie
    Expenses:Entertainment:Social:Bars      EUR 9.40
    Assets:UK:Revolut:Personal:EUR

2025-10-04 * Cigarettes
    Expenses:Cigarettes                    EUR 13.30
    Assets:UK:Revolut:Personal:EUR

2025-10-05 * Brunch with Glenn
    Expenses:Food:Restaurants                 EUR 30
    Assets:UK:Revolut:Personal:EUR

2025-10-06 * Beeminder fine
    Expenses:Subscriptions:Software         EUR 4.29
    Assets:UK:Revolut:Personal:EUR

2025-10-06 * Drinks with Auguste
    Expenses:Entertainment:Social:Bars        EUR 12
    Assets:UK:Revolut:Personal:EUR

2025-10-07 * Cafe Nuances
    Expenses:Food:Cafe                      EUR 8.55
    Assets:UK:Revolut:Personal:EUR

2025-10-07 * Buy EUR with GBP
    Assets:UK:Revolut:Personal:EUR      EUR 19898.42 @@ GBP 17300
    Assets:UK:Revolut:Personal:GBP

2025-10-07 * Transfer to CCF joint-account
    Assets:FR:CCF:Compte-Joint:Jean     EUR 100
    Assets:UK:Revolut:Personal:EUR

2025-10-07 * Transfer to CCF joint-account
    Assets:FR:CCF:Compte-Joint:Jean   EUR 17900
    Assets:UK:Revolut:Personal:EUR

2025-10-07 * Stamp letter for AW
    Expenses:Misc                           EUR 7.30
    Assets:UK:Revolut:Personal:EUR

2025-10-07 * Cigarettes
    Expenses:Cigarettes                       EUR 13
    Assets:UK:Revolut:Personal:EUR

2025-10-08 * ChatGPT subscription
    Expenses:Subscriptions:Software        EUR 19.17
    Assets:UK:Revolut:Personal:EUR

2025-10-08 * Cigarettes
    Expenses:Cigarettes                       EUR 13
    Assets:UK:Revolut:Personal:EUR

2025-10-10 * Carrefour
    Expenses:Food:Groceries                EUR 23.03
    Assets:UK:Revolut:Personal:EUR

2025-10-11 * Beeminder fine
    Expenses:Subscriptions:Software         EUR 4.33
    Assets:UK:Revolut:Personal:EUR

2025-10-11 * Beeminder fine
    Expenses:Subscriptions:Software         EUR 4.33
    Assets:UK:Revolut:Personal:EUR

2025-10-11 * Lebara mobile
    Expenses:Home:Utilities:MobilePhone     EUR 5.77
    Assets:UK:Revolut:Personal:EUR

2025-10-11 * Cigarettes
    Expenses:Cigarettes                       EUR 13
    Assets:UK:Revolut:Personal:EUR

2025-10-12 * Cigarettes
    Expenses:Cigarettes                       EUR 13
    Assets:UK:Revolut:Personal:EUR

2025-10-13 * Cigarettes
    Expenses:Cigarettes                       EUR 13
    Assets:UK:Revolut:Personal:EUR

2025-10-14 * Cafe Nuances
    Expenses:Food:Cafe                      EUR 4.50
    Assets:UK:Revolut:Personal:EUR

2025-10-14 * Cigarettes
    Expenses:Cigarettes                       EUR 13
    Assets:UK:Revolut:Personal:EUR

2025-10-14 * Fisherman's Friend
    Expenses:Food:Snack                     EUR 2.70
    Assets:UK:Revolut:Personal:EUR

2025-10-15 * SNCF Haut-de-France TER card
    Expenses:Travel:Train                     EUR 30
    Assets:UK:Revolut:Personal:EUR

2025-10-15 * Le Rubis - Drinks with Isky
    Expenses:Entertainment:Social:Bars     EUR 13.40
    Assets:UK:Revolut:Personal:EUR

2025-10-16 * Beeminder fine
    Expenses:Subscriptions:Software         EUR 4.32
    Assets:UK:Revolut:Personal:EUR

2025-10-16 * Beeminder fine
    Expenses:Subscriptions:Software         EUR 4.32
    Assets:UK:Revolut:Personal:EUR

2025-10-16 * Beeminder fine
    Expenses:Subscriptions:Software         EUR 4.32
    Assets:UK:Revolut:Personal:EUR

2025-10-16 * Carrefour
    Expenses:Food:Groceries                 EUR 3.70
    Assets:UK:Revolut:Personal:EUR

2025-10-17 * Cafe Nuances
    Expenses:Food:Cafe                      EUR 4.50
    Assets:UK:Revolut:Personal:EUR

2025-10-17 * Cigarettes
    Expenses:Cigarettes                       EUR 13
    Assets:UK:Revolut:Personal:EUR

2025-10-17 * Water bottle
    Expenses:Food:Snack                        EUR 2
    Assets:UK:Revolut:Personal:EUR

2025-10-17 * Sandwich train Touquet  ; aurelie:
    Expenses:Food:Snack                     EUR 13.55
    Assets:UK:Revolut:Personal:EUR

2025-10-18 * Lola et Smith cafe  ; aurelie:
    Expenses:Food:Cafe                         EUR 8
    Assets:UK:Revolut:Personal:EUR

2025-10-18 * Cigarettes
    Expenses:Cigarettes                       EUR 13
    Assets:UK:Revolut:Personal:EUR

2025-10-18 * Waikiki drinks
    Expenses:Entertainment:Social:Bars      EUR 8.50
    Assets:UK:Revolut:Personal:EUR

2025-10-20 * Beeminder fine
    Expenses:Subscriptions:Software         EUR 4.32
    Assets:UK:Revolut:Personal:EUR

2025-10-20 * Cigarettes
    Expenses:Cigarettes                       EUR 15
    Assets:UK:Revolut:Personal:EUR

2025-10-20 * Cafe Nuances
    Expenses:Food:Cafe                      EUR 9.45
    Assets:UK:Revolut:Personal:EUR

2025-10-20 * On Your Whey - Protein drink
    Expenses:Food:Snack                     EUR 2.80
    Assets:UK:Revolut:Personal:EUR

2025-10-20 * cojean - yoghurt dessert
    Expenses:Food:OfficeLunch               EUR 5.30
    Assets:UK:Revolut:Personal:EUR

2025-10-21 * Cigarettes
    Expenses:Cigarettes                       EUR 13
    Assets:UK:Revolut:Personal:EUR

2025-10-21 * Buy EUR with GBP
    Assets:UK:Revolut:Personal:EUR      EUR 34098.53 @@ GBP 29632.18
    Assets:UK:Revolut:Personal:GBP

2025-10-21 * Transfer to CCF
    Assets:FR:CCF:Compte-Joint:Jean  EUR 34098.53
    Assets:UK:Revolut:Personal:EUR

2025-10-22 * Lunch at Bagnard with Anne
    Expenses:Food:OfficeLunch                 EUR 30
    Assets:UK:Revolut:Personal:EUR

2025-10-22 * Cigarettes
    Expenses:Cigarettes                       EUR 13
    Assets:UK:Revolut:Personal:EUR

2025-10-22 * Beeminder fines bundled
    Expenses:Subscriptions:Software        GBP 26.31
    Assets:UK:Revolut:Personal:GBP

2025-10-25 * Beeminder fines bundled
    Expenses:Subscriptions:Software        GBP 15.08
    Assets:UK:Revolut:Personal:GBP

2025-10-23 * Cafe Nuances
    Expenses:Food:Cafe                         EUR 9
    Assets:UK:Revolut:Personal:EUR

2025-10-24 * Kayser
    Expenses:Food:Snack                     EUR 2.20
    Assets:UK:Revolut:Personal:EUR

2025-10-24 * Cigarettes
    Expenses:Cigarettes                       EUR 13
    Assets:UK:Revolut:Personal:EUR

2025-10-24 * The Highlander Scottish Pub
    Expenses:Entertainment:Social:Bars        EUR 27
    Assets:UK:Revolut:Personal:EUR

2025-10-25 * Cafe and pain au chocolat
    Expenses:Food:Cafe                      EUR 5.20
    Assets:UK:Revolut:Personal:EUR

2025-10-25 * Toilets Westfield La Defense
    Expenses:Misc                              EUR 1
    Assets:UK:Revolut:Personal:EUR

2025-10-25 * Starbucks
    Expenses:Food:Cafe                      EUR 5.70
    Assets:UK:Revolut:Personal:EUR

2025-10-25 * McDonald's
    Expenses:Food:FastFood                  EUR 5.90
    Assets:UK:Revolut:Personal:EUR

2025-10-25 * Carrefour
    Expenses:Food:Groceries                EUR 14.70
    Assets:UK:Revolut:Personal:EUR

2025-10-27 * Crepe
    Expenses:Food:Snack                        EUR 4
    Assets:UK:Revolut:Personal:EUR

2025-10-29 * Cigarettes
    Expenses:Cigarettes                       EUR 13
    Assets:UK:Revolut:Personal:EUR

2025-10-29 * Drinks
    Expenses:Entertainment:Social:Bars     EUR 18.80
    Assets:UK:Revolut:Personal:EUR

2025-10-29 * Carrefour
    Expenses:Food:Groceries                 EUR 1.95
    Assets:UK:Revolut:Personal:EUR

2025-10-30 * Cigarettes
    Expenses:Cigarettes                       EUR 13
    Assets:UK:Revolut:Personal:EUR

2025-10-30 * Carrefour
    Expenses:Food:Groceries                EUR 15.17
    Assets:UK:Revolut:Personal:EUR

2025-10-31 * Cafe Nuances with Symeon
    Expenses:Food:Cafe                      EUR 9.45
    Assets:UK:Revolut:Personal:EUR

* Amex transactions
2025-10-03 * Velib
    Expenses:Transportation:Bikesharing       EUR 2
    Liabilities:FR:Amex:Gold

2025-10-03 * HelloFresh
    Expenses:Food:Groceries                EUR 48.94
    Liabilities:FR:Amex:Gold

2025-10-03 * Dott
    Expenses:Transportation:Bikesharing     EUR 8.14
    Liabilities:FR:Amex:Gold

2025-10-03 * Dott
    Expenses:Transportation:Bikesharing     EUR 1.75
    Liabilities:FR:Amex:Gold

2025-10-03 * Deliveroo Five Guys
    Expenses:Food:OfficeLunch              EUR 19.20
    Liabilities:FR:Amex:Gold

2025-10-04 * R2 Training
    Expenses:Health:Gym                      EUR 179
    Liabilities:FR:Amex:Gold

2025-10-05 * Dott
    Expenses:Transportation:Bikesharing     EUR 1.75
    Liabilities:FR:Amex:Gold

2025-10-05 * Dott
    Expenses:Transportation:Bikesharing     EUR 1.75
    Liabilities:FR:Amex:Gold

2025-10-06 * Amex subscription
    Expenses:Finance:CreditCard                  EUR 16
    Liabilities:FR:Amex:Gold

2025-10-05 * Dott
    Expenses:Transportation:Bikesharing     EUR 1.75
    Liabilities:FR:Amex:Gold

2025-10-06 * Deliveroo fee
    Expenses:Food:OfficeLunch               EUR 2.15
    Liabilities:FR:Amex:Gold

2025-10-06 * Wooden floors deposit  ; flat-vincennes:
    Expenses:Home:Improvements              EUR 1000
    Liabilities:FR:Amex:Gold               EUR -1000
    Assets:Receivables:Aurelie               EUR 500
    Expenses:Home:Improvements              EUR -500
    Assets:FR:BforBank:Compte-Courant        EUR 500
    Assets:Receivables:Aurelie              EUR -500

2025-10-07 * Toothpaste
    Expenses:Health:Pharmacy                EUR 7.65
    Liabilities:FR:Amex:Gold

2025-10-08 * DIY class Leroy-Merlin
    Expenses:Home:Maintenance                 EUR 25
    Liabilities:FR:Amex:Gold

2025-10-09 * Restaurant Bar Le Shack  ; aurelie:
    Expenses:Food:Restaurants                 EUR 80
    Liabilities:FR:Amex:Gold

2025-10-10 * Amex gold settlement
    Liabilities:FR:Amex:Gold              EUR 958.82
    Assets:FR:BforBank:Compte-Courant

2025-10-10 * Deliveroo fee
    Expenses:Food:OfficeLunch               EUR 2.22
    Liabilities:FR:Amex:Gold

2025-10-10 * HelloFresh
    Expenses:Food:Groceries                EUR 48.94
    Liabilities:FR:Amex:Gold

2025-10-11 * Pan Bar
    Expenses:Entertainment:Events             EUR 60
    Liabilities:FR:Amex:Gold

2025-10-11 * Pan Bar drinks and food
    Expenses:Entertainment:Social:Bars        EUR 54
    Liabilities:FR:Amex:Gold

2025-10-14 * Charles prescription
    Expenses:Health:Pharmacy                  EUR 95
    Liabilities:FR:Amex:Gold

2025-10-16 * Dott ride
    Expenses:Transportation:Bikesharing     EUR 1.75
    Liabilities:FR:Amex:Gold

2025-10-17 * Dott ride
    Expenses:Transportation:Bikesharing     EUR 1.75
    Liabilities:FR:Amex:Gold

2025-10-24 * Dott pass
    Expenses:Transportation:Bikesharing     EUR 5.99
    Liabilities:FR:Amex:Gold

2025-10-24 * Dott ride
    Expenses:Transportation:Bikesharing     EUR 2.44
    Liabilities:FR:Amex:Gold

2025-10-24 * Dott ride
    Expenses:Transportation:Bikesharing     EUR 1.75
    Liabilities:FR:Amex:Gold

2025-10-24 * Deliveroo fee
    Expenses:Food:OfficeLunch               EUR 2.22
    Liabilities:FR:Amex:Gold

2025-10-25 * Vente Unique bed  ; flat-vincennes:
    Expenses:Home:Furniture               EUR 635.99
    Liabilities:FR:Amex:Gold             EUR -635.99
    Assets:Receivables:Aurelie               EUR 318
    Expenses:Home:Furniture                 EUR -318

2025-10-26 * Dott ride
    Expenses:Transportation:Bikesharing     EUR 1.75
    Liabilities:FR:Amex:Gold

2025-10-26 * Dott ride
    Expenses:Transportation:Bikesharing     EUR 1.75
    Liabilities:FR:Amex:Gold

2025-10-28 * Deliveroo  ; aurelie:
    Expenses:Food:Delivery                 EUR 29.69
    Liabilities:FR:Amex:Gold

2025-10-29 * As de Carreaux  ; flat-vincennes:
    Expenses:Home:Furniture               EUR 341.63
    Liabilities:FR:Amex:Gold             EUR -341.63
    Assets:Receivables:Aurelie            EUR 170.82
    Expenses:Home:Furniture              EUR -170.82

2025-10-29 * Sofa  ; flat-vincennes:
    Expenses:Home:Furniture               EUR 578.45
    Liabilities:FR:Amex:Gold             EUR -578.45
    Assets:Receivables:Aurelie            EUR 289.22
    Expenses:Home:Furniture              EUR -289.22

2025-10-31 * HelloFresh
    Expenses:Food:Groceries                EUR 48.94
    Liabilities:FR:Amex:Gold

2025-10-31 * Dott ride
    Expenses:Transportation:Bikesharing     EUR 1.75
    Liabilities:FR:Amex:Gold

; EPSOR valuation following portfolio unwinding
2025-10-21 * EPSOR PEI Valuation
    Assets:FR:Epsor:PEI               = EUR 56994.57
    Equity:UnrealisedCapitalGains:Epsor:PEI

2025-10-21 * EPSOR PER valuation
    Assets:FR:Epsor:PER               = EUR 37356.04
    Equity:UnrealisedCapitalGains:Epsor:PER

2025-10-21 * Withdrawal EPSOR
    Assets:FR:BforBank:Compte-Courant   EUR 92095.56       ; amount received from Epsor after tax
    Assets:FR:Epsor:PEI                EUR -56994.57       ; liquidate PEI full balance
    Assets:FR:Epsor:PER                EUR -37356.04       ; liquidate PER full balance
    Expenses:Taxes                       EUR 2255.05       ; taxes paid = 56994.57 + 37356.04 - 92095.56
    Equity:UnrealisedCapitalGains:Epsor:PEI  EUR 8754.21  ; capital gains on Epsor PEI
    Equity:UnrealisedCapitalGains:Epsor:PER  EUR 2636.17  ; capital gains on Epsor PER
    Income:CapitalGains:Epsor:PEI  EUR -8754.21   ; materialise capital gains on Epsor PEI
    Income:CapitalGains:Epsor:PER  EUR -2636.17   ; materialise capital gains on Epsor PER

* Receivables
2025-10-29 * Settlement
    Assets:FR:BforBank:Compte-Courant     EUR 868.26
    Assets:Receivables:Aurelie           EUR -868.26
    Assets:Receivables:Aurelie                EUR 10  ; paid too much -> transfer to liabilities
    Liabilities:Payables:Aurelie             EUR -10

2025-10-29 * Pay back Aurelie for incorrect settlement
    Liabilities:Payables:Aurelie              EUR 10
    Assets:FR:BforBank:Compte-Courant

* Vincennes flat
2025-10-31 * Wooden floors outstanding  ; flat-vincennes:
    Expenses:Home:Improvements           EUR 1637.48
    Liabilities:Payables:Aurelie

* Vincennes home purchase
2025-10-24 * Flat Vincennes Credit Logement
    Expenses:Finance:Mortgage             EUR 2867.35
    Assets:FR:CCF:Compte-Joint:Jean

2025-10-25 * Flat Vincennes frais de dossier
    Expenses:Finance:Mortgage                EUR 500
    Assets:FR:CCF:Compte-Joint:Jean

2025-10-27 * Flat acquisition
    Assets:Home:Vincennes                EUR 492,025
    Assets:FR:CCF:Compte-Joint:Jean      EUR -99,775
    Liabilities:FR:CCF:Mortgage         EUR -392,250
