;; -*- mode: ledger; coding: utf-8 -*-

2025-05-01 * 111 Wage
    Assets:FR:BforBank:Compte-Courant  EUR 6519.34
    Income:FR:111Capital:Salary

* Bforbank expenses
2025-05-01 * Rent Citeaux
    Expenses:Home:rent                      EUR 1330
    Assets:FR:BforBank:Compte-Courant

2025-05-03 * Cash withdrawal
    Assets:FR:Cash                            EUR 20
    Assets:FR:BforBank:Compte-Courant

2025-05-04 * Cash withdrawal
    Assets:FR:Cash                            EUR 20
    Assets:FR:BforBank:Compte-Courant

2025-05-04 * Transfer to Revolut
    Assets:UK:Revolut:Personal:EUR           EUR 200
    Assets:FR:BforBank:Compte-Courant  ; date:2025-05-06

2025-05-05 * ChatGPT subscription for mum
    Expenses:GiftsCharity:Gifts            EUR 21.99
    Assets:FR:BforBank:Compte-Courant

2025-05-05 * MacroFactor subscription
    Expenses:Subscriptions:Software        EUR 13.99
    Assets:FR:BforBank:Compte-Courant

2025-05-06 * Velib
    Expenses:Transportation:Bikesharing       EUR 12
    Assets:FR:BforBank:Compte-Courant

2025-05-07 * Drinks with Symeon
    Expenses:Entertainment:Social:Bars        EUR 14
    Assets:FR:BforBank:Compte-Courant

2025-05-07 * Drinks with Symeon/Alexandre
    Expenses:Entertainment:Social:Bars        EUR 27
    Assets:FR:BforBank:Compte-Courant

2025-05-07 * Cigarettes
    Expenses:Cigarettes                       EUR 13
    Assets:FR:BforBank:Compte-Courant

2025-05-08 * Car rental insurance claim
    Assets:FR:BforBank:Compte-Courant        EUR 175
    Expenses:Transportation:CarRental

2025-05-09 * Minoxidil
    Expenses:Health:Pharmacy               EUR 23.17
    Assets:FR:BforBank:Compte-Courant

2025-05-10 * Cigarettes
    Expenses:Cigarettes                       EUR 13
    Assets:FR:BforBank:Compte-Courant

2025-05-10 * Fisherman's Friend
    Expenses:Food:Snack                     EUR 2.50
    Assets:FR:BforBank:Compte-Courant

2025-05-10 * Restaurant Gambetta
    Expenses:Food:Restaurants              EUR 83.50
    Assets:FR:BforBank:Compte-Courant

2025-05-13 Cigarettes
    Expenses:Cigarettes                       EUR 13
    Assets:FR:BforBank:Compte-Courant

2025-05-14 * Amex settlement
    Liabilities:FR:Amex:Gold             EUR 1867.75
    Assets:FR:BforBank:Compte-Courant

* Revolut expenses
2025-05-01 * Navigo
    Expenses:Transportation:PublicTransport  EUR 88.80
    Assets:UK:Revolut:Personal:EUR

2025-05-03 * Carrefour City
    Expenses:Food:Groceries                EUR 12.61
    Assets:UK:Revolut:Personal:EUR

2025-05-04 * Drinks with Robin
    Expenses:Entertainment:Social:Bars     EUR 11.50
    Assets:UK:Revolut:Personal:EUR

2025-05-05 * Pain au chocolat
    Expenses:Food:Snack                     EUR 1.50
    Assets:UK:Revolut:Personal:EUR

2025-05-04 * Buy GBP with Revolut
    Assets:UK:Revolut:Personal:GBP         GBP 37.86 @@ EUR 44.59
    Assets:UK:Revolut:Personal:EUR

2025-05-05 * Transfer GBP to Halifax Current Account
    Assets:UK:Halifax:Current-Account      GBP 37.86
    Assets:UK:Revolut:Personal:GBP

2025-05-06 * Cigarettes
    Expenses:Cigarettes                       EUR 13
    Assets:UK:Revolut:Personal:EUR

2025-05-06 * Drinks with Arnaud
    Expenses:Entertainment:Social:Bars     EUR 19.60
    Assets:UK:Revolut:Personal:EUR

2025-05-06 * Durum
    Expenses:Food:FastFood                  EUR 9.50
    Assets:UK:Revolut:Personal:EUR

2025-05-06 * Nutella Crepe
    Expenses:Food:Snack                        EUR 5
    Assets:UK:Revolut:Personal:EUR

2025-05-06 * Beeminder fine
    Expenses:Subscriptions:Software         EUR 4.43
    Assets:UK:Revolut:Personal:EUR

2025-05-06 * Beeminder fine
    Expenses:Subscriptions:Software         EUR 4.43
    Assets:UK:Revolut:Personal:EUR

2025-05-08 * Lunch Boulangerie Ounissi
    Expenses:Food:Snack                    EUR 21.91
    Assets:UK:Revolut:Personal:EUR

2025-05-09 * Drinks Rosa Bonheur with Aurelie
    Expenses:Entertainment:Social:Bars     EUR 12.50
    Assets:UK:Revolut:Personal:EUR

2025-05-10 * GP appointment
    Expenses:Health:Doctor                     EUR 9
    Assets:UK:Revolut:Personal:EUR

2025-05-10 * Drinks with Aurelie
    Expenses:Entertainment:Social:Bars     EUR 23.80
    Assets:UK:Revolut:Personal:EUR

2025-05-11 * Cigarettes
    Expenses:Cigarettes                       EUR 13
    Assets:UK:Revolut:Personal:EUR

2025-05-12 * Doowap Carrefour
    Expenses:Food:Snack                     EUR 3.24
    Assets:UK:Revolut:Personal:EUR

2025-05-14 * Pain au chocolat
    Expenses:Food:Snack                     EUR 1.70
    Assets:UK:Revolut:Personal:EUR

* Boursobank expenses
2025-05-01 * Deliveroo fee
    Expenses:Food:Delivery                  EUR 2.39
    Assets:FR:BoursoBank:Compte-Courant

2025-05-01 * Transfer to BoursoBank
    Assets:FR:BoursoBank:Compte-Courant       EUR 10
    Assets:FR:BforBank:Compte-Courant

* Cash expenses
2025-05-03 * Cigarettes
    Expenses:Cigarettes                       EUR 13
    Assets:FR:Cash

2025-05-04 * Cigarettes
    Expenses:Cigarettes                       EUR 13
    Assets:FR:Cash

2025-05-05 * Baguette
    Expenses:Food:Groceries                 EUR 1.35
    Assets:FR:Cash

2025-05-09 * Cigarettes
    Expenses:Cigarettes                       EUR 13
    Assets:FR:Cash

2025-05-10 * Tips waiter
    Expenses:Food:Restaurants               EUR 1.50
    Assets:FR:Cash

2025-05-12 * Baguette
    Expenses:Food:Groceries                 EUR 1.35
    Assets:FR:Cash

2025-05-13 * Baguette
    Expenses:Food:Groceries                 EUR 1.35
    Assets:FR:Cash

* Amex Gold expenses
2025-05-01 * Car Rental damages fine outstanding
    Expenses:Transportation:CarRental         EUR 40
    Liabilities:FR:Amex:Gold

2025-05-02 * Taxi to Maison de la radio
    Expenses:Transportation:Taxi           EUR 11.10
    Liabilities:FR:Amex:Gold

2025-05-04 * Brunch Maison Victoria
    Expenses:Food:Restaurants                 EUR 41
    Liabilities:FR:Amex:Gold

2025-05-04 * PRP Chicheportiche
    Expenses:PersonalCare:Hair              EUR 200
    Liabilities:FR:Amex:Gold

2025-05-05 * R2 Training
    Expenses:Health:Gym                      EUR 179
    Liabilities:FR:Amex:Gold

2025-05-06 * Amex subscription
    Expenses:Fees:CreditCard                  EUR 16
    Liabilities:FR:Amex:Gold

2025-05-06 * Deliveroo Five Guys
    Expenses:Food:OfficeLunch              EUR 28.69
    Liabilities:FR:Amex:Gold

2025-05-08 * Uber
    Expenses:Transportation:Taxi           EUR 17.95
    Liabilities:FR:Amex:Gold

2025-05-07 * Prime subscription
    Expenses:Subscriptions                 EUR 69.90
    Liabilities:FR:Amex:Gold

2025-05-08 * Amex refund prime subscription
    Liabilities:FR:Amex:Gold               EUR 69.90
    Expenses:Subscriptions

2025-05-09 * Deliveroo
    Expenses:Food:Delivery                 EUR 20.99
    Liabilities:FR:Amex:Gold

2025-05-13 * Uber eats fees
    Expenses:Food:OfficeLunch               EUR 2.85
    Liabilities:FR:Amex:Gold

2025-05-13 * Hyrox
    Expenses:Entertainment:Events:Sports  EUR 131.44
    Liabilities:FR:Amex:Gold

; Other liabilities
2025-05-05 * Luberon dinners paid by Glenn
    Expenses:Food:Restaurants                EUR 345
    Liabilities:FR:Payables:Glenn

2025-05-05 * Settle payables with Glenn
    Liabilities:FR:Payables:Glenn            EUR 345
    Assets:FR:BforBank:Compte-Courant

2025-05-05 * Luberon dinners receivables
    Assets:FR:Receivables:Aurelie            EUR 120
    Expenses:Food:Restaurants

2025-05-05 * Settlement receivables Aurelie
    Assets:FR:BforBank:Compte-Courant     EUR 303.20
    Assets:FR:Receivables:Aurelie

2025-05-06 * Settlement Halifax Clarity
    Liabilities:UK:Halifax:Clarity         GBP 37.86
    Assets:UK:Halifax:Current-Account

; Investment funds valuation
2025-05-12 * EPSOR PEI valuation
    Assets:FR:Epsor:PEI                  = EUR 51932
    Equity:Unrealised-PnL:EUR

2025-05-12 * EPSOR PER valuation
    Assets:FR:Epsor:PER  ==* EUR 34231
    Equity:Unrealised-PnL:EUR

2025-05-12 * Monferyfarm valuation
    Assets:UK:Moneyfarm                  = GBP 48191
    Equity:Unrealised-PnL:GBP
