;; -*- mode: ledger; coding: utf-8 -*-
2025-09-01 * 111 Capital wage
    Assets:FR:BforBank:Compte-Courant    EUR 6371.58
    Income:FR:111Capital:Salary

* Cash transactions
2025-09-01 * Sandals for mum
    Expenses:GiftsCharity:Gifts             EUR 5.95
    Assets:FR:Cash

2025-09-01 * MS Therapy
    Expenses:PersonalCare:Discretionary      EUR 120
    Assets:FR:Cash

2025-09-01 * Valencia Tennis Center racket rental
    Expenses:Health:Sport:Tennis               EUR 5
    Assets:FR:Cash

2025-09-02 * Valencia Tennis Center racket rental
    Expenses:Health:Sport:Tennis               EUR 5
    Assets:FR:Cash

2025-09-04 * MS Therapy
    Expenses:PersonalCare:Discretionary      EUR 120
    Assets:FR:Cash

2025-09-05 * Praia beach bar Valencia
    Expenses:Entertainment:Social:Bars        EUR 12
    Assets:FR:Cash

2025-09-06 * Estimated cigarettes in Valencia
    Expenses:Cigarettes                       EUR 30
    Assets:FR:Cash

2025-09-06 * Estimated cafes paid in cash
    Expenses:Food:Cafe                      EUR 3.60
    Assets:FR:Cash

2025-09-06 * Unaccounted holidays cash expenses
    Expenses:Travel:Holidays               EUR 64.44
    Assets:FR:Cash

2025-09-08 * Pain au chocolat
    Expenses:Food:Snack                     EUR 1.50
    Assets:FR:Cash

2025-09-08 * Cigarettes and matches
    Expenses:Cigarettes                       EUR 13
    Assets:FR:Cash

2025-09-10 * Baguette
    Expenses:Food:Groceries                 EUR 1.25
    Assets:FR:Cash

2025-09-13 * Therapy
    Expenses:Health:Therapy                   EUR 60
    Assets:FR:Cash

2025-09-13 * Cigarettes
    Expenses:Cigarettes                       EUR 13
    Assets:FR:Cash

2025-09-20 * Charity
    Expenses:GiftsCharity:Charity              EUR 1
    Assets:FR:Cash

2025-09-20 * Therapy
    Expenses:Health:Therapy                   EUR 60
    Assets:FR:Cash

2025-09-21 * Crepe
    Expenses:Food:Snack                        EUR 4
    Assets:FR:Cash

2025-09-25 * Baguette and Pain au chocolat
    Expenses:Food:Groceries                 EUR 2.60
    Assets:FR:Cash

2025-09-26 * Cigarettes
    Expenses:Cigarettes                       EUR 13
    Assets:FR:Cash

2025-09-26 * MS Terapy
    Expenses:PersonalCare:Discretionary      EUR 200
    Assets:FR:Cash

2025-09-27 * Scouts Calendar
    Expenses:GiftsCharity:Charity              EUR 5
    Assets:FR:Cash

2025-09-29 * Baguette
    Expenses:Food:Groceries                 EUR 1.35
    Assets:FR:Cash

2025-09-30 * Unaccounted cash expenses
    Expenses:Misc:Unaccounted              EUR 24.25
    Assets:FR:Cash

* Bimpli meal card
2025-09-19 * Lunch
    Expenses:Food:OfficeLunch              EUR 12.90
    Assets:FR:Bimpli

2025-09-29 * Lunch
    Expenses:Food:OfficeLunch                 EUR 16
    Assets:FR:Bimpli

2025-09-30 * Lunch
    Expenses:Food:OfficeLunch                 EUR 11
    Assets:FR:Bimpli

* BforBank transactions
2025-09-01 * Taxi Valencia
    Expenses:Transportation:Taxi           EUR 39.85
    Assets:FR:BforBank:Compte-Courant

2025-09-01 * Car rental damage
    Expenses:Transportation:CarRental        EUR 350
    Assets:FR:BforBank:Compte-Courant

2025-09-01 * Snack Orly airport
    Expenses:Food:Snack                        EUR 8
    Assets:FR:BforBank:Compte-Courant

2025-09-01 * Kosiavas Koyzio
    Expenses:Misc:Unaccounted               EUR 4.50
    Assets:FR:BforBank:Compte-Courant

2025-09-02 * Rent Citeaux
    Expenses:Home:Rent                      EUR 1330
    Assets:FR:BforBank:Compte-Courant

2025-09-02 * Mercadona Valencia
    Expenses:Food:Groceries                EUR 62.52
    Assets:FR:BforBank:Compte-Courant

2025-09-02 * 121006187
    Expenses:Misc:Unaccounted              EUR 22.95
    Assets:FR:BforBank:Compte-Courant

2025-09-05 * ChatGPT subscription
    Expenses:Subscriptions:Software        EUR 21.99
    Assets:FR:BforBank:Compte-Courant

2025-09-05 * MacroFactor subscription
    Expenses:Subscriptions:Software        EUR 13.99
    Assets:FR:BforBank:Compte-Courant

2025-09-06 * Cash witdrawal
    Assets:FR:Cash                           EUR 200
    Assets:FR:BforBank:Compte-Courant

2025-09-06 * Cash withdrawal fee
    Expenses:Fees:ATM                       EUR 2.90
    Assets:FR:BforBank:Compte-Courant

2025-09-08 * Valencia underground
    Expenses:Transportation:PublicTransport    EUR 7
    Assets:FR:BforBank:Compte-Courant

2025-09-08 * Navigo
    Expenses:Transportation:PublicTransport  EUR 88.80
    Assets:FR:BforBank:Compte-Courant

2025-09-09 * AirBnB Valencia Mum's share settlement
    Assets:FR:BforBank:Compte-Courant        EUR 300
    Assets:FR:Receivables:Mum

2025-09-09 * Mum refunds ticket
    Assets:FR:BforBank:Compte-Courant        EUR 200
    Liabilities:FR:Payables:Iskander

2025-09-09 * Transavia checked luggage mum's settlement
    Assets:FR:BforBank:Compte-Courant         EUR 36
    Assets:FR:Receivables:Mum

2025-09-09 * Google Play Head 2 Ball
    Expenses:Entertainment:Digital          EUR 9.99
    Assets:FR:BforBank:Compte-Courant

2025-09-09 * Valencia bus
    Expenses:Transportation:PublicTransport    EUR 2
    Assets:FR:BforBank:Compte-Courant

2025-09-10 * Revolut Transfer
    Assets:UK:Revolut:Personal:EUR           EUR 200
    Assets:FR:BforBank:Compte-Courant

2025-09-11 * Amex gold settlement
    Liabilities:FR:Amex:Gold             EUR 2752.75
    Assets:FR:BforBank:Compte-Courant

2024-09-14 * Cinema MK2 Valeurs Sentimentales
    Expenses:Entertainment:Events:Cinema   EUR 31.60
    Assets:FR:BforBank:Compte-Courant

2024-09-14 * Water bottle MK2
    Expenses:Food:Snack                     EUR 2.10
    Assets:FR:BforBank:Compte-Courant

2025-09-15 * Revolut transfer
    Assets:UK:Revolut:Personal:EUR           EUR 100
    Assets:FR:BforBank:Compte-Courant

2025-09-15 * Cash withdrawal therapy
    Assets:FR:Cash                            EUR 60
    Assets:FR:BforBank:Compte-Courant

2025-09-15 * Google Play Head 2 Ball
    Expenses:Entertainment:Digital          EUR 14.99
    Assets:FR:BforBank:Compte-Courant

2025-09-15 * Mikate Cinema MK2
    Expenses:Food:Snack                        EUR 6
    Assets:FR:BforBank:Compte-Courant

2025-09-15 * Wild & The Moon with Isky
    Expenses:Food:Snack                       EUR 23
    Assets:FR:BforBank:Compte-Courant

2025-09-15 * Physiotherapy
    Expenses:Health:Doctor                    EUR 85
    Assets:FR:BforBank:Compte-Courant

2025-09-18 * EDF subscription
    Expenses:Home:Utilities:Electricity    EUR 52.69
    Assets:FR:BforBank:Compte-Courant

2025-09-18 * De La Ville Cafe
    Expenses:Entertainment:Social:Bars     EUR 39.60
    Assets:FR:BforBank:Compte-Courant    EUR - 39.60
    Assets:FR:Receivables:Arnaud              EUR 10
    Expenses:Entertainment:Social:Bars       EUR -10
    Assets:FR:Cash                            EUR 10
    Assets:FR:Receivables:Arnaud             EUR -10

2025-09-18 * Crepe Creme De Paris
    Expenses:Food:Snack                     EUR 3.50
    Assets:FR:BforBank:Compte-Courant

2025-09-19 * Cigarettes
    Expenses:Cigarettes                       EUR 13
    Assets:FR:BforBank:Compte-Courant

2025-09-22 * Cigarettes
    Expenses:Cigarettes                       EUR 13
    Assets:FR:BforBank:Compte-Courant

2025-09-22 * Cigarettes
    Expenses:Cigarettes                       EUR 13
    Assets:FR:BforBank:Compte-Courant

2025-09-22 * Fitness Park
    Expenses:Health:Gym                       EUR 78
    Assets:FR:BforBank:Compte-Courant

2025-09-22 * Cigarettes
    Expenses:Cigarettes                       EUR 13
    Assets:FR:BforBank:Compte-Courant

2025-09-22 * Transfer to Revolut
    Assets:UK:Revolut:Personal:EUR           EUR 500
    Assets:FR:BforBank:Compte-Courant

2025-09-22 * Cash withdrawal
    Assets:FR:Cash                            EUR 60
    Assets:FR:BforBank:Compte-Courant

2025-09-22 * Refund Alan
    Assets:FR:BforBank:Compte-Courant       EUR 8.39
    Expenses:Health:Doctor

2025-09-22 * Refund Alan
    Assets:FR:BforBank:Compte-Courant      EUR 17.85
    Expenses:Health:Doctor

2025-09-23 * Refund Alan
    Assets:FR:BforBank:Compte-Courant      EUR 26.35
    Expenses:Health:Doctor

2025-09-23 * Cigarettes
    Expenses:Cigarettes                       EUR 13
    Assets:FR:BforBank:Compte-Courant

2025-09-23 * Tennis court booking Paris Tennis with Arnaud
    Expenses:Health:Sport:Tennis              EUR 12
    Assets:FR:BforBank:Compte-Courant

2025-09-24 * Pepins restaurant
    Expenses:Food:Restaurants              EUR 39.88
    Assets:FR:BforBank:Compte-Courant

2025-09-25 * Tax residual 2024
    Expenses:Taxes                           EUR 228
    Assets:FR:BforBank:Compte-Courant

2025-09-25 * Cigarettes
    Expenses:Cigarettes                       EUR 13
    Assets:FR:BforBank:Compte-Courant

2025-09-25 * Car Rental Insurance
    Assets:FR:BforBank:Compte-Courant        EUR 200
    Expenses:Transportation:CarRental       EUR -200
    Liabilities:FR:Payables:Aurelie           EUR 75
    Expenses:Transportation:CarRental        EUR -75

2025-09-26 * SFR
    Expenses:Home:Utilities:MobilePhone    EUR 11.99
    Assets:FR:BforBank:Compte-Courant

2025-09-26 * Ticket PSG
    Expenses:Entertainment:Events:Sports     EUR 295
    Assets:FR:BforBank:Compte-Courant

2025-09-29 * Cash withdrawal
    Assets:FR:Cash                            EUR 20
    Assets:FR:BforBank:Compte-Courant

2025-09-29 * Cash withdrawal
    Assets:FR:Cash                           EUR 200
    Assets:FR:BforBank:Compte-Courant

2025-09-29 * Swile ex-lunchr credit
    Assets:FR:BforBank:Compte-Courant       EUR 0.30
    Expenses:Food:OfficeLunch

* Boursobank transactions
2025-09-06 * Transfer to BforBank
    Assets:FR:BforBank:Compte-Courant        EUR 800
    Assets:FR:BoursoBank:Compte-Courant

* HSBC transactions
2025-09-22 * Buy AW Bimpli card credit
    Assets:FR:Bimpli                      EUR 490.18 @@ GBP 425
    Assets:UK:HSBC:Current-Account

* Revolut transactions
2025-09-01 * Valencia Tennis Center latte
    Expenses:Food:Cafe                      EUR 1.60
    Assets:UK:Revolut:Personal:EUR

2025-09-01 * Empresa Municipal Transport
    Expenses:Transportation:PublicTransport    EUR 5
    Assets:UK:Revolut:Personal:EUR

2025-09-01 * Valencia Tennis Academy 1-to-1 coach
    Expenses:Health:Sport:Tennis              EUR 55
    Assets:UK:Revolut:Personal:EUR

2025-09-01 * Consum - groceries shopping
    Expenses:Food:Groceries                EUR 19.13
    Assets:UK:Revolut:Personal:EUR

2025-09-02 * Valencia Tennis Academy 1-to-1 coach
    Expenses:Health:Sport:Tennis             EUR 165
    Assets:UK:Revolut:Personal:EUR

2025-09-02 * Valencia Tennis Center cafe
    Expenses:Food:Cafe                      EUR 1.40
    Assets:UK:Revolut:Personal:EUR

2025-09-02 * Valencia Tennis Center racket rental
    Expenses:Health:Sport:Tennis               EUR 5
    Assets:UK:Revolut:Personal:EUR

2025-09-02 * Mercadona
    Expenses:Food:Groceries                 EUR 4.53
    Assets:UK:Revolut:Personal:EUR

2025-09-03 * Valencia Tennis Center cafe
    Expenses:Food:Cafe                      EUR 1.20
    Assets:UK:Revolut:Personal:EUR

2025-09-03 * Valencia Tennis Center racket rental
    Expenses:Health:Sport:Tennis               EUR 5
    Assets:UK:Revolut:Personal:EUR

2025-09-03 * Valencia Tennis Center cafe
    Expenses:Food:Cafe                      EUR 1.20
    Assets:UK:Revolut:Personal:EUR

2025-09-03 * Casa Miralles
    Expenses:Food:Restaurants                 EUR 27
    Assets:UK:Revolut:Personal:EUR

2025-09-03 * Valencia Tennis Center cafe
    Expenses:Food:Cafe                      EUR 1.20
    Assets:UK:Revolut:Personal:EUR

2025-09-04 * Valencia Tennis Center cafe
    Expenses:Food:Cafe                      EUR 1.20
    Assets:UK:Revolut:Personal:EUR

2025-09-04 * Valencia Tennis Center racket rental
    Expenses:Health:Sport:Tennis               EUR 5
    Assets:UK:Revolut:Personal:EUR

2025-09-04 * Valencia Tennis Center cafe
    Expenses:Food:Cafe                      EUR 1.20
    Assets:UK:Revolut:Personal:EUR

2025-09-04 * Valencia Tennis Center cafe
    Expenses:Food:Cafe                      EUR 1.20
    Assets:UK:Revolut:Personal:EUR

2025-09-04 * Mercadona
    Expenses:Food:Groceries                 EUR 14.21
    Assets:UK:Revolut:Personal:EUR

2025-09-05 * Valencia Tennis Center cafe
    Expenses:Food:Cafe                      EUR 1.20
    Assets:UK:Revolut:Personal:EUR

2025-09-05 * Valencia Tennis Center racket rental
    Expenses:Health:Sport:Tennis               EUR 5
    Assets:UK:Revolut:Personal:EUR

2025-09-05 * Valencia Tennis Center cafe
    Expenses:Food:Cafe                      EUR 1.20
    Assets:UK:Revolut:Personal:EUR

2025-09-05 * Valencia Tennis Center cafe
    Expenses:Food:Cafe                      EUR 1.20
    Assets:UK:Revolut:Personal:EUR

2025-09-06 * Beeminder fine
    Expenses:Subscriptions:Software         EUR 4.33
    Assets:UK:Revolut:Personal:EUR

2025-09-06 * Umbracle drink
    Expenses:Entertainment:Social:Bars        EUR 14
    Assets:UK:Revolut:Personal:EUR

2025-09-05 * Mercadona
    Expenses:Food:Groceries                 EUR 3.11
    Assets:UK:Revolut:Personal:EUR

2025-09-05 * Souvenirs Center
    Expenses:GiftsCharity:Gifts                EUR 8
    Assets:UK:Revolut:Personal:EUR

2025-09-06 * Starbucks airport
    Expenses:Food:Snack                    EUR 12.75
    Assets:UK:Revolut:Personal:EUR

2025-09-06 * Cigarettes
    Expenses:Cigarettes                       EUR 13
    Assets:UK:Revolut:Personal:EUR

2025-09-06 * McDonald's
    Expenses:Food:FastFood                 EUR 11.85
    Assets:UK:Revolut:Personal:EUR

2025-09-06 * McDonald's
    Expenses:Food:FastFood                  EUR 2.75
    Assets:UK:Revolut:Personal:EUR

2025-09-06 * Le Berlioz
    Expenses:Entertainment:Social:Bars        EUR 16
    Assets:UK:Revolut:Personal:EUR

2025-09-08 * ChatGPT subscription for Mum
    Expenses:GiftsCharity:Gifts            EUR 19.17
    Assets:UK:Revolut:Personal:EUR

2025-09-08 * Transavia coke
    Expenses:GiftsCharity:Gifts             EUR 3.50
    Assets:UK:Revolut:Personal:EUR

2025-09-09 * Beeminder fine
    Expenses:Subscriptions:Software         EUR 4.27
    Assets:UK:Revolut:Personal:EUR

2025-09-09 * Beeminder fine
    Expenses:Subscriptions:Software         EUR 4.27
    Assets:UK:Revolut:Personal:EUR

2025-09-09 * Cigarettes
    Expenses:Cigarettes                       EUR 13
    Assets:UK:Revolut:Personal:EUR

2025-09-09 * Frog Hop House with Isky
    Expenses:Entertainment:Social:Bars        EUR 14
    Assets:UK:Revolut:Personal:EUR

2025-09-10 * Cafe Nuances
    Expenses:Food:Cafe                      EUR 6.93
    Assets:UK:Revolut:Personal:EUR

2025-09-10 * Carrefour
    Expenses:Food:Groceries                EUR 19.47
    Assets:UK:Revolut:Personal:EUR

2025-09-10 * Pay back Isky for mum's ticket
    Liabilities:FR:Payables:Iskander         EUR 200
    Assets:UK:Revolut:Personal:EUR

2025-09-11 * Beeminder fine
    Expenses:Subscriptions:Software         EUR 8.59
    Assets:UK:Revolut:Personal:EUR

2025-09-11 * Beeminder fine
    Expenses:Subscriptions:Software         EUR 4.30
    Assets:UK:Revolut:Personal:EUR

2025-09-11 * Beeminder fine
    Expenses:Subscriptions:Software         EUR 4.30
    Assets:UK:Revolut:Personal:EUR

2025-09-11 * Lebara mobile
    Expenses:Home:Utilities:MobilePhone     EUR 5.81
    Assets:UK:Revolut:Personal:EUR

2025-09-12 * Cigarettes
    Expenses:Cigarettes                       EUR 13
    Assets:UK:Revolut:Personal:EUR

2025-09-12 * Poke Go
    Expenses:Food:OfficeLunch              EUR 12.90
    Assets:UK:Revolut:Personal:EUR

2025-09-13 * Pain au chocolat and cafe
    Expenses:Food:Snack                     EUR 3.30
    Assets:UK:Revolut:Personal:EUR

2025-09-14 * Beeminder fine
    Expenses:Subscriptions:Software         EUR 8.66
    Assets:UK:Revolut:Personal:EUR

2025-09-14 * Beeminder fine
    Expenses:Subscriptions:Software         EUR 4.33
    Assets:UK:Revolut:Personal:EUR

2025-09-14 * Beeminder fine
    Expenses:Subscriptions:Software         EUR 4.32
    Assets:UK:Revolut:Personal:EUR

2025-09-15 * Cigarettes
    Expenses:Cigarettes                       EUR 13
    Assets:UK:Revolut:Personal:EUR

2025-09-15 * Drinks with Aurelie
    Expenses:Entertainment:Social:Bars     EUR 26.50
    Assets:UK:Revolut:Personal:EUR

2025-09-15 * Beeminder fine
    Expenses:Subscriptions:Software         EUR 4.27
    Assets:UK:Revolut:Personal:EUR

2025-09-16 * Cafe Nuances
    Expenses:Food:Cafe                         EUR 5
    Assets:UK:Revolut:Personal:EUR

2025-09-16 * Cigarettes
    Expenses:Food:Cafe                        EUR 13
    Assets:UK:Revolut:Personal:EUR

2025-09-17 * Cafe Nuances
    Expenses:Food:Cafe                      EUR 4.50
    Assets:UK:Revolut:Personal:EUR

2025-09-18 * Cafe Nuances
    Expenses:Food:Cafe                      EUR 4.50
    Assets:UK:Revolut:Personal:EUR

2025-09-20 * Beeminder fine
    Expenses:Subscriptions:Software         EUR 4.32
    Assets:UK:Revolut:Personal:EUR

2025-09-20 * Pain au chocolat and cafe
    Expenses:Food:Snack                     EUR 3.30
    Assets:UK:Revolut:Personal:EUR

2025-09-20 * Crepe
    Expenses:Food:Snack                     EUR 4
    Assets:UK:Revolut:Personal:EUR

2025-09-22 * Cafe Nuances
    Expenses:Food:Cafe                      EUR 7.70
    Assets:UK:Revolut:Personal:EUR

2025-09-22 * McDonald's
    Expenses:Food:FastFood                  EUR 5.50
    Assets:UK:Revolut:Personal:EUR

2025-09-23 * Cafe Nuances
    Expenses:Food:Cafe                      EUR 5
    Assets:UK:Revolut:Personal:EUR

2025-09-23 * Cigarettes
    Expenses:Cigarettes                       EUR 13
    Assets:UK:Revolut:Personal:EUR

2025-09-24 * Crepe Creme de Paris
    Expenses:Food:Snack                        EUR 5
    Assets:UK:Revolut:Personal:EUR

2025-09-24 * Ground Control
    Expenses:Entertainment:Social:Bars         EUR 9
    Assets:UK:Revolut:Personal:EUR

2025-09-24 * Durum with Isky
    Expenses:Food:FastFood                    EUR 18
    Assets:UK:Revolut:Personal:EUR

2025-09-25 * Poke Go
    Expenses:Food:OfficeLunch              EUR 15.90
    Assets:UK:Revolut:Personal:EUR

2025-09-27 * Beeminder fine
    Expenses:Subscriptions:Software         EUR 4.34
    Assets:UK:Revolut:Personal:EUR

2025-09-27 * Beeminder fine
    Expenses:Subscriptions:Software         EUR 4.34
    Assets:UK:Revolut:Personal:EUR

2025-09-27 * Cafe and pain au chocolat
    Expenses:Food:Snack                        EUR 3
    Assets:UK:Revolut:Personal:EUR

2025-09-28 * Alma Cafe with Aurelie
    Expenses:Food:Cafe                      EUR 9.40
    Assets:UK:Revolut:Personal:EUR

2025-09-28 * Ice Cream
    Expenses:Food:Snack                        EUR 4
    Assets:UK:Revolut:Personal:EUR

2025-09-28 * Cigarettes
    Expenses:Cigarettes                       EUR 13
    Assets:UK:Revolut:Personal:EUR

2025-09-28 * Drinks Le Drapeau
    Expenses:Entertainment:Social:Bars      EUR 9.30
    Assets:UK:Revolut:Personal:EUR

2025-09-29 * Beeminder fine
    Expenses:Subscriptions:Software         EUR 4.30
    Assets:UK:Revolut:Personal:EUR

2025-09-29 * Beeminder fine
    Expenses:Subscriptions:Software         EUR 4.30
    Assets:UK:Revolut:Personal:EUR

2025-09-29 * Beeminder fine
    Expenses:Subscriptions:Software         EUR 4.30
    Assets:UK:Revolut:Personal:EUR

2025-09-29 * Cafe Nuances
    Expenses:Food:Cafe                      EUR 4.50
    Assets:UK:Revolut:Personal:EUR

2025-09-30 * Cafe Nuances
    Expenses:Food:Cafe                      EUR 4.50
    Assets:UK:Revolut:Personal:EUR

2025-09-30 * Drinks Cafe de la Place with Aurelie
    Expenses:Entertainment:Social:Bars        EUR 30
    Assets:UK:Revolut:Personal:EUR

* Amex transactions
2025-09-03 * Refund Tennis Compagnie
    Liabilities:FR:Amex:Gold                EUR 70.20
    Expenses:Shopping:Sport

2025-09-03 * Velib
    Expenses:Transportation:Bikesharing        EUR 8
    Liabilities:FR:Amex:Gold

2025-09-05 * Taxi Umbracle
    Expenses:Transportation:Taxi           EUR 18.50
    Liabilities:FR:Amex:Gold

2025-09-05 * Taxi Umbracle
    Expenses:Transportation:Taxi           EUR 15.25
    Liabilities:FR:Amex:Gold

2025-09-05 * Umbracle ticket
    Expenses:Entertainment:Events             EUR 21
    Liabilities:FR:Amex:Gold

2025-09-05 * R2 Training
    Expenses:Health:Gym                      EUR 179
    Liabilities:FR:Amex:Gold

2025-09-06 * Amex subscription
    Expenses:Fees:CreditCard                  EUR 16
    Liabilities:FR:Amex:Gold

2025-09-06 * Transavia checked luggage for mum
    Expenses:Travel:Flights                   EUR 36
    Liabilities:FR:Amex:Gold                 EUR -36
    Assets:FR:Receivables:Mum                 EUR 36
    Expenses:Travel:Flights                  EUR -36

2025-09-08 * Refund Hyrox
    Liabilities:FR:Amex:Gold                 EUR 109
    Expenses:Entertainment:Events:Sports

2025-09-10 * Cake Couvreur office
    Expenses:GiftsCharity:Gifts            EUR 61.98
    Liabilities:FR:Amex:Gold

2025-09-12 * HelloFresh
    Expenses:Food:Groceries                EUR 48.94
    Liabilities:FR:Amex:Gold

2025-09-12 * HelloFresh Amex refund
    Liabilities:FR:Amex:Gold                  EUR 10
    Expenses:Food:Groceries

2025-09-14 * Lunch Marigny
    Expenses:Food:Restaurants              EUR 54.50
    Liabilities:FR:Amex:Gold

2025-09-15 * Dott ride
    Expenses:Transportation:Bikesharing     EUR 6.24
    Liabilities:FR:Amex:Gold

2025-09-15 * Deliveroo Chez Antoine
    Expenses:Food:Delivery                 EUR 30.29
    Liabilities:FR:Amex:Gold

2025-09-16 * Tennis racket TennisPro
    Expenses:Shopping:Sport                  EUR 217
    Liabilities:FR:Amex:Gold

2025-09-18 * French Bastards breakfast
    Expenses:Food:Delivery                 EUR 26.65
    Liabilities:FR:Amex:Gold

2025-09-19 * HelloFresh Amex refund
    Liabilities:FR:Amex:Gold                  EUR 10
    Expenses:Food:Groceries

2025-09-19 * HelloFresh
    Expenses:Food:Groceries                EUR 48.94
    Liabilities:FR:Amex:Gold

2025-09-21 * Dott pass
    Expenses:Transportation:Bikesharing     EUR 5.99
    Liabilities:FR:Amex:Gold

2025-09-21 * Dott ride
    Expenses:Transportation:Bikesharing     EUR 1.75
    Liabilities:FR:Amex:Gold

2025-09-22 * Deliveroo fee
    Expenses:Food:OfficeLunch               EUR 2.15
    Liabilities:FR:Amex:Gold

2025-09-22 * Dott ride
    Expenses:Transportation:Bikesharing     EUR 1.75
    Liabilities:FR:Amex:Gold

2025-09-25 * HelloFresh
    Expenses:Food:Groceries                EUR 40.94
    Liabilities:FR:Amex:Gold

2025-09-25 * HelloFresh
    Expenses:Food:Groceries                    EUR 5
    Liabilities:FR:Amex:Gold

2025-09-26 * Dott ride
    Expenses:Transportation:Bikesharing     EUR 1.75
    Liabilities:FR:Amex:Gold

2025-09-27 * Dott ride
    Expenses:Transportation:Bikesharing     EUR 1.75
    Liabilities:FR:Amex:Gold

2025-09-28 * Nido restaurant
    Expenses:Food:Restaurants                 EUR 60
    Liabilities:FR:Amex:Gold

2025-09-29 * Tennis racket gift
    Expenses:GiftsCharity:Gifts           EUR 179.77
    Liabilities:FR:Amex:Gold

2025-09-30 * Velib
    Expenses:Transportation:Bikesharing       EUR 10
    Liabilities:FR:Amex:Gold

* Other liabilities
2025-09-08 * Match tricount balance for settlement
    Liabilities:FR:Payables:Aurelie        EUR 84.24
    Expenses:Travel:Holidays

2025-09-08 * Buy GBP with Revolut
    Assets:UK:Revolut:Personal:GBP         GBP 12.22 @@ EUR 14.15
    Assets:UK:Revolut:Personal:EUR

2025-09-08 * Pay back Halifax Credit Card
    Liabilities:UK:Halifax:Clarity         GBP 12.22
    Assets:UK:Revolut:Personal:GBP
