;; -*- mode: ledger; coding: utf-8 -*-
2025-09-01 * 111 Capital wage
    Assets:FR:BforBank:Compte-Courant    6371.58 EUR
    Income:FR:111Capital:Salary

* Cash transactions
2025-09-01 * Sandals for mum
    Expenses:GiftsCharity:Gifts             5.95 EUR
    Assets:Cash:EUR

2025-09-01 * MS Therapy
    Expenses:PersonalCare:Discretionary      120 EUR
    Assets:Cash:EUR

2025-09-01 * Valencia Tennis Center racket rental
    Expenses:Health:Sport:Tennis               5 EUR
    Assets:Cash:EUR

2025-09-02 * Valencia Tennis Center racket rental
    Expenses:Health:Sport:Tennis               5 EUR
    Assets:Cash:EUR

2025-09-04 * MS Therapy
    Expenses:PersonalCare:Discretionary      120 EUR
    Assets:Cash:EUR

2025-09-05 * Praia beach bar Valencia
    Expenses:Entertainment:Social:Bars        12 EUR
    Assets:Cash:EUR

2025-09-06 * Estimated cigarettes in Valencia
    Expenses:Cigarettes                       30 EUR
    Assets:Cash:EUR

2025-09-06 * Estimated cafes paid in cash
    Expenses:Food:Cafe                      3.60 EUR
    Assets:Cash:EUR

2025-09-06 * Unaccounted holidays cash expenses
    Expenses:Travel:Holidays               64.44 EUR
    Assets:Cash:EUR

2025-09-08 * Pain au chocolat
    Expenses:Food:Snack                     1.50 EUR
    Assets:Cash:EUR

2025-09-08 * Cigarettes and matches
    Expenses:Cigarettes                       13 EUR
    Assets:Cash:EUR

2025-09-10 * Baguette
    Expenses:Food:Groceries                 1.25 EUR
    Assets:Cash:EUR

2025-09-13 * Therapy
    Expenses:Health:Therapy                   60 EUR
    Assets:Cash:EUR

2025-09-13 * Cigarettes
    Expenses:Cigarettes                       13 EUR
    Assets:Cash:EUR

2025-09-20 * Charity
    Expenses:GiftsCharity:Charity              1 EUR
    Assets:Cash:EUR

2025-09-20 * Therapy
    Expenses:Health:Therapy                   60 EUR
    Assets:Cash:EUR

2025-09-21 * Crepe
    Expenses:Food:Snack                        4 EUR
    Assets:Cash:EUR

2025-09-25 * Baguette and Pain au chocolat
    Expenses:Food:Groceries                 2.60 EUR
    Assets:Cash:EUR

2025-09-26 * Cigarettes
    Expenses:Cigarettes                       13 EUR
    Assets:Cash:EUR

2025-09-26 * MS Terapy
    Expenses:PersonalCare:Discretionary      200 EUR
    Assets:Cash:EUR

2025-09-27 * Scouts Calendar
    Expenses:GiftsCharity:Charity              5 EUR
    Assets:Cash:EUR

2025-09-29 * Baguette
    Expenses:Food:Groceries                 1.35 EUR
    Assets:Cash:EUR

2025-09-30 * Unaccounted cash expenses
    Expenses:Misc:Unaccounted              24.25 EUR
    Assets:Cash:EUR

* Bimpli meal card
2025-09-19 * Lunch
    Expenses:Food:OfficeLunch              12.90 EUR
    Assets:FR:Bimpli

2025-09-29 * Lunch
    Expenses:Food:OfficeLunch                 16 EUR
    Assets:FR:Bimpli

2025-09-30 * Lunch
    Expenses:Food:OfficeLunch                 11 EUR
    Assets:FR:Bimpli

* BforBank transactions
2025-09-01 * Taxi Valencia
    Expenses:Transportation:Taxi           39.85 EUR
    Assets:FR:BforBank:Compte-Courant

2025-09-01 * Car rental damage
    Expenses:Transportation:CarRental        350 EUR
    Assets:FR:BforBank:Compte-Courant

2025-09-01 * Snack Orly airport
    Expenses:Food:Snack                        8 EUR
    Assets:FR:BforBank:Compte-Courant

2025-09-01 * Kosiavas Koyzio
    Expenses:Misc:Unaccounted               4.50 EUR
    Assets:FR:BforBank:Compte-Courant

2025-09-02 * Rent Citeaux
    Expenses:Home:Rent                      1330 EUR
    Assets:FR:BforBank:Compte-Courant

2025-09-02 * Mercadona Valencia
    Expenses:Food:Groceries                62.52 EUR
    Assets:FR:BforBank:Compte-Courant

2025-09-02 * 121006187
    Expenses:Misc:Unaccounted              22.95 EUR
    Assets:FR:BforBank:Compte-Courant

2025-09-05 * ChatGPT subscription for mum
    Expenses:GiftsCharity:Gifts            21.99 EUR
    Assets:FR:BforBank:Compte-Courant

2025-09-05 * MacroFactor subscription
    Expenses:Subscriptions:Software        13.99 EUR
    Assets:FR:BforBank:Compte-Courant

2025-09-06 * Cash witdrawal
    Assets:Cash:EUR                           200 EUR
    Assets:FR:BforBank:Compte-Courant

2025-09-06 * Cash withdrawal fee
    Expenses:Finance:ATM                       2.90 EUR
    Assets:FR:BforBank:Compte-Courant

2025-09-08 * Valencia underground
    Expenses:Transportation:PublicTransport    7 EUR
    Assets:FR:BforBank:Compte-Courant

2025-09-08 * Navigo
    Expenses:Transportation:PublicTransport  88.80 EUR
    Assets:FR:BforBank:Compte-Courant

2025-09-09 * AirBnB Valencia Mum's share settlement
    Assets:FR:BforBank:Compte-Courant        300 EUR
    Assets:Receivables:Mum

2025-09-09 * Mum refunds ticket
    Assets:FR:BforBank:Compte-Courant        200 EUR
    Liabilities:Payables:Mum             -200 EUR
    Liabilities:Payables:Mum              200 EUR
    Liabilities:Payables:Iskander        -200 EUR

2025-09-09 * Transavia checked luggage mum's settlement
    Assets:FR:BforBank:Compte-Courant         36 EUR
    Assets:Receivables:Mum

2025-09-09 * Google Play Head 2 Ball
    Expenses:Entertainment:Digital          9.99 EUR
    Assets:FR:BforBank:Compte-Courant

2025-09-09 * Valencia bus
    Expenses:Transportation:PublicTransport    2 EUR
    Assets:FR:BforBank:Compte-Courant

2025-09-10 * Revolut Transfer
    Assets:UK:Revolut:Personal:EUR           200 EUR
    Assets:FR:BforBank:Compte-Courant

2025-09-11 * Amex gold settlement
    Liabilities:FR:Amex:Gold             2752.75 EUR
    Assets:FR:BforBank:Compte-Courant

2024-09-14 * Cinema MK2 Valeurs Sentimentales
    Expenses:Entertainment:Events:Cinema   31.60 EUR
    Assets:FR:BforBank:Compte-Courant

2024-09-14 * Water bottle MK2
    Expenses:Food:Snack                     2.10 EUR
    Assets:FR:BforBank:Compte-Courant

2025-09-15 * Revolut transfer
    Assets:UK:Revolut:Personal:EUR           100 EUR
    Assets:FR:BforBank:Compte-Courant

2025-09-15 * Cash withdrawal therapy
    Assets:Cash:EUR                            60 EUR
    Assets:FR:BforBank:Compte-Courant

2025-09-15 * Google Play Head 2 Ball
    Expenses:Entertainment:Digital          14.99 EUR
    Assets:FR:BforBank:Compte-Courant

2025-09-15 * Mikate Cinema MK2
    Expenses:Food:Snack                        6 EUR
    Assets:FR:BforBank:Compte-Courant

2025-09-15 * Wild & The Moon with Isky
    Expenses:Food:Snack                       23 EUR
    Assets:FR:BforBank:Compte-Courant

2025-09-15 * Physiotherapy
    Expenses:Health:Doctor                    85 EUR
    Assets:FR:BforBank:Compte-Courant

2025-09-18 * EDF subscription
    Expenses:Home:Utilities:Electricity    52.69 EUR
    Assets:FR:BforBank:Compte-Courant

2025-09-18 * De La Ville Cafe
    Expenses:Entertainment:Social:Bars     39.60 EUR
    Assets:FR:BforBank:Compte-Courant    EUR - 39.60
    Assets:Receivables:Arnaud              10 EUR
    Expenses:Entertainment:Social:Bars       -10 EUR
    Assets:Cash:EUR                            10 EUR
    Assets:Receivables:Arnaud             -10 EUR

2025-09-18 * Crepe Creme De Paris
    Expenses:Food:Snack                     3.50 EUR
    Assets:FR:BforBank:Compte-Courant

2025-09-19 * Cigarettes
    Expenses:Cigarettes                       13 EUR
    Assets:FR:BforBank:Compte-Courant

2025-09-22 * Cigarettes
    Expenses:Cigarettes                       13 EUR
    Assets:FR:BforBank:Compte-Courant

2025-09-22 * Cigarettes
    Expenses:Cigarettes                       13 EUR
    Assets:FR:BforBank:Compte-Courant

2025-09-22 * Fitness Park
    Expenses:Health:Gym                       78 EUR
    Assets:FR:BforBank:Compte-Courant

2025-09-22 * Cigarettes
    Expenses:Cigarettes                       13 EUR
    Assets:FR:BforBank:Compte-Courant

2025-09-22 * Transfer to Revolut
    Assets:UK:Revolut:Personal:EUR           500 EUR
    Assets:FR:BforBank:Compte-Courant

2025-09-22 * Cash withdrawal
    Assets:Cash:EUR                            60 EUR
    Assets:FR:BforBank:Compte-Courant

2025-09-22 * Refund Alan
    Assets:FR:BforBank:Compte-Courant       8.39 EUR
    Expenses:Health:Doctor

2025-09-22 * Refund Alan
    Assets:FR:BforBank:Compte-Courant      17.85 EUR
    Expenses:Health:Doctor

2025-09-23 * Refund Alan
    Assets:FR:BforBank:Compte-Courant      26.35 EUR
    Expenses:Health:Doctor

2025-09-23 * Cigarettes
    Expenses:Cigarettes                       13 EUR
    Assets:FR:BforBank:Compte-Courant

2025-09-23 * Tennis court booking Paris Tennis with Arnaud
    Expenses:Health:Sport:Tennis              12 EUR
    Assets:FR:BforBank:Compte-Courant

2025-09-24 * Pepins restaurant
    Expenses:Food:Restaurants              39.88 EUR
    Assets:FR:BforBank:Compte-Courant

2025-09-25 * Tax residual 2024
    Expenses:Taxes                           228 EUR
    Assets:FR:BforBank:Compte-Courant

2025-09-25 * Cigarettes
    Expenses:Cigarettes                       13 EUR
    Assets:FR:BforBank:Compte-Courant

2025-09-25 * Car Rental Insurance
    Assets:FR:BforBank:Compte-Courant        200 EUR
    Expenses:Transportation:CarRental       -200 EUR
    Liabilities:Payables:Aurelie           75 EUR
    Expenses:Transportation:CarRental        -75 EUR

2025-09-26 * SFR
    Expenses:Home:Utilities:MobilePhone    11.99 EUR
    Assets:FR:BforBank:Compte-Courant

2025-09-26 * Ticket PSG
    Expenses:Entertainment:Events:Sports     295 EUR
    Assets:FR:BforBank:Compte-Courant

2025-09-29 * Cash withdrawal
    Assets:Cash:EUR                            20 EUR
    Assets:FR:BforBank:Compte-Courant

2025-09-29 * Cash withdrawal
    Assets:Cash:EUR                           200 EUR
    Assets:FR:BforBank:Compte-Courant

2025-09-29 * Swile ex-lunchr credit
    Assets:FR:BforBank:Compte-Courant       0.30 EUR
    Expenses:Food:OfficeLunch

* Boursobank transactions
2025-09-06 * Transfer to BforBank
    Assets:FR:BforBank:Compte-Courant        800 EUR
    Assets:FR:BoursoBank:Compte-Courant

* HSBC transactions
2025-09-22 * Buy AW Bimpli card credit
    Assets:FR:Bimpli                      490.18 EUR @@ 425 GBP
    Assets:UK:HSBC:Current-Account

* Revolut transactions
2025-09-01 * Valencia Tennis Center latte
    Expenses:Food:Cafe                      1.60 EUR
    Assets:UK:Revolut:Personal:EUR

2025-09-01 * Empresa Municipal Transport
    Expenses:Transportation:PublicTransport    5 EUR
    Assets:UK:Revolut:Personal:EUR

2025-09-01 * Valencia Tennis Academy 1-to-1 coach
    Expenses:Health:Sport:Tennis              55 EUR
    Assets:UK:Revolut:Personal:EUR

2025-09-01 * Consum - groceries shopping
    Expenses:Food:Groceries                19.13 EUR
    Assets:UK:Revolut:Personal:EUR

2025-09-02 * Valencia Tennis Academy 1-to-1 coach
    Expenses:Health:Sport:Tennis             165 EUR
    Assets:UK:Revolut:Personal:EUR

2025-09-02 * Valencia Tennis Center cafe
    Expenses:Food:Cafe                      1.40 EUR
    Assets:UK:Revolut:Personal:EUR

2025-09-02 * Valencia Tennis Center racket rental
    Expenses:Health:Sport:Tennis               5 EUR
    Assets:UK:Revolut:Personal:EUR

2025-09-02 * Mercadona
    Expenses:Food:Groceries                 4.53 EUR
    Assets:UK:Revolut:Personal:EUR

2025-09-03 * Valencia Tennis Center cafe
    Expenses:Food:Cafe                      1.20 EUR
    Assets:UK:Revolut:Personal:EUR

2025-09-03 * Valencia Tennis Center racket rental
    Expenses:Health:Sport:Tennis               5 EUR
    Assets:UK:Revolut:Personal:EUR

2025-09-03 * Valencia Tennis Center cafe
    Expenses:Food:Cafe                      1.20 EUR
    Assets:UK:Revolut:Personal:EUR

2025-09-03 * Casa Miralles
    Expenses:Food:Restaurants                 27 EUR
    Assets:UK:Revolut:Personal:EUR

2025-09-03 * Valencia Tennis Center cafe
    Expenses:Food:Cafe                      1.20 EUR
    Assets:UK:Revolut:Personal:EUR

2025-09-04 * Valencia Tennis Center cafe
    Expenses:Food:Cafe                      1.20 EUR
    Assets:UK:Revolut:Personal:EUR

2025-09-04 * Valencia Tennis Center racket rental
    Expenses:Health:Sport:Tennis               5 EUR
    Assets:UK:Revolut:Personal:EUR

2025-09-04 * Valencia Tennis Center cafe
    Expenses:Food:Cafe                      1.20 EUR
    Assets:UK:Revolut:Personal:EUR

2025-09-04 * Valencia Tennis Center cafe
    Expenses:Food:Cafe                      1.20 EUR
    Assets:UK:Revolut:Personal:EUR

2025-09-04 * Mercadona
    Expenses:Food:Groceries                 14.21 EUR
    Assets:UK:Revolut:Personal:EUR

2025-09-05 * Valencia Tennis Center cafe
    Expenses:Food:Cafe                      1.20 EUR
    Assets:UK:Revolut:Personal:EUR

2025-09-05 * Valencia Tennis Center racket rental
    Expenses:Health:Sport:Tennis               5 EUR
    Assets:UK:Revolut:Personal:EUR

2025-09-05 * Valencia Tennis Center cafe
    Expenses:Food:Cafe                      1.20 EUR
    Assets:UK:Revolut:Personal:EUR

2025-09-05 * Valencia Tennis Center cafe
    Expenses:Food:Cafe                      1.20 EUR
    Assets:UK:Revolut:Personal:EUR

2025-09-06 * Beeminder fine
    Expenses:Subscriptions:Software         4.33 EUR
    Assets:UK:Revolut:Personal:EUR

2025-09-06 * Umbracle drink
    Expenses:Entertainment:Social:Bars        14 EUR
    Assets:UK:Revolut:Personal:EUR

2025-09-05 * Mercadona
    Expenses:Food:Groceries                 3.11 EUR
    Assets:UK:Revolut:Personal:EUR

2025-09-05 * Souvenirs Center
    Expenses:GiftsCharity:Gifts                8 EUR
    Assets:UK:Revolut:Personal:EUR

2025-09-06 * Starbucks airport
    Expenses:Food:Snack                    12.75 EUR
    Assets:UK:Revolut:Personal:EUR

2025-09-06 * Cigarettes
    Expenses:Cigarettes                       13 EUR
    Assets:UK:Revolut:Personal:EUR

2025-09-06 * McDonald's
    Expenses:Food:FastFood                 11.85 EUR
    Assets:UK:Revolut:Personal:EUR

2025-09-06 * McDonald's
    Expenses:Food:FastFood                  2.75 EUR
    Assets:UK:Revolut:Personal:EUR

2025-09-06 * Le Berlioz
    Expenses:Entertainment:Social:Bars        16 EUR
    Assets:UK:Revolut:Personal:EUR

2025-09-08 * ChatGPT subscription
    Expenses:Subscriptions:Software        19.17 EUR
    Assets:UK:Revolut:Personal:EUR

2025-09-08 * Transavia coke
    Expenses:GiftsCharity:Gifts             3.50 EUR
    Assets:UK:Revolut:Personal:EUR

2025-09-09 * Beeminder fine
    Expenses:Subscriptions:Software         4.27 EUR
    Assets:UK:Revolut:Personal:EUR

2025-09-09 * Beeminder fine
    Expenses:Subscriptions:Software         4.27 EUR
    Assets:UK:Revolut:Personal:EUR

2025-09-09 * Cigarettes
    Expenses:Cigarettes                       13 EUR
    Assets:UK:Revolut:Personal:EUR

2025-09-09 * Frog Hop House with Isky
    Expenses:Entertainment:Social:Bars        14 EUR
    Assets:UK:Revolut:Personal:EUR

2025-09-10 * Cafe Nuances
    Expenses:Food:Cafe                      6.93 EUR
    Assets:UK:Revolut:Personal:EUR

2025-09-10 * Carrefour
    Expenses:Food:Groceries                19.47 EUR
    Assets:UK:Revolut:Personal:EUR

2025-09-10 * Pay back Isky for mum's ticket
    Liabilities:Payables:Iskander         200 EUR
    Assets:UK:Revolut:Personal:EUR

2025-09-11 * Beeminder fine
    Expenses:Subscriptions:Software         8.59 EUR
    Assets:UK:Revolut:Personal:EUR

2025-09-11 * Beeminder fine
    Expenses:Subscriptions:Software         4.30 EUR
    Assets:UK:Revolut:Personal:EUR

2025-09-11 * Beeminder fine
    Expenses:Subscriptions:Software         4.30 EUR
    Assets:UK:Revolut:Personal:EUR

2025-09-11 * Lebara mobile
    Expenses:Home:Utilities:MobilePhone     5.81 EUR
    Assets:UK:Revolut:Personal:EUR

2025-09-12 * Cigarettes
    Expenses:Cigarettes                       13 EUR
    Assets:UK:Revolut:Personal:EUR

2025-09-12 * Poke Go
    Expenses:Food:OfficeLunch              12.90 EUR
    Assets:UK:Revolut:Personal:EUR

2025-09-13 * Pain au chocolat and cafe
    Expenses:Food:Snack                     3.30 EUR
    Assets:UK:Revolut:Personal:EUR

2025-09-14 * Beeminder fine
    Expenses:Subscriptions:Software         8.66 EUR
    Assets:UK:Revolut:Personal:EUR

2025-09-14 * Beeminder fine
    Expenses:Subscriptions:Software         4.33 EUR
    Assets:UK:Revolut:Personal:EUR

2025-09-14 * Beeminder fine
    Expenses:Subscriptions:Software         4.32 EUR
    Assets:UK:Revolut:Personal:EUR

2025-09-15 * Cigarettes
    Expenses:Cigarettes                       13 EUR
    Assets:UK:Revolut:Personal:EUR

2025-09-15 * Drinks with Aurelie
    Expenses:Entertainment:Social:Bars     26.50 EUR
    Assets:UK:Revolut:Personal:EUR

2025-09-15 * Beeminder fine
    Expenses:Subscriptions:Software         4.27 EUR
    Assets:UK:Revolut:Personal:EUR

2025-09-16 * Cafe Nuances
    Expenses:Food:Cafe                         5 EUR
    Assets:UK:Revolut:Personal:EUR

2025-09-16 * Cigarettes
    Expenses:Food:Cafe                        13 EUR
    Assets:UK:Revolut:Personal:EUR

2025-09-17 * Cafe Nuances
    Expenses:Food:Cafe                      4.50 EUR
    Assets:UK:Revolut:Personal:EUR

2025-09-18 * Cafe Nuances
    Expenses:Food:Cafe                      4.50 EUR
    Assets:UK:Revolut:Personal:EUR

2025-09-20 * Beeminder fine
    Expenses:Subscriptions:Software         4.32 EUR
    Assets:UK:Revolut:Personal:EUR

2025-09-20 * Pain au chocolat and cafe
    Expenses:Food:Snack                     3.30 EUR
    Assets:UK:Revolut:Personal:EUR

2025-09-20 * Crepe
    Expenses:Food:Snack                     4 EUR
    Assets:UK:Revolut:Personal:EUR

2025-09-22 * Cafe Nuances
    Expenses:Food:Cafe                      7.70 EUR
    Assets:UK:Revolut:Personal:EUR

2025-09-22 * McDonald's
    Expenses:Food:FastFood                  5.50 EUR
    Assets:UK:Revolut:Personal:EUR

2025-09-23 * Cafe Nuances
    Expenses:Food:Cafe                      5 EUR
    Assets:UK:Revolut:Personal:EUR

2025-09-23 * Cigarettes
    Expenses:Cigarettes                       13 EUR
    Assets:UK:Revolut:Personal:EUR

2025-09-24 * Crepe Creme de Paris
    Expenses:Food:Snack                        5 EUR
    Assets:UK:Revolut:Personal:EUR

2025-09-24 * Ground Control
    Expenses:Entertainment:Social:Bars         9 EUR
    Assets:UK:Revolut:Personal:EUR

2025-09-24 * Durum with Isky
    Expenses:Food:FastFood                    18 EUR
    Assets:UK:Revolut:Personal:EUR

2025-09-25 * Poke Go
    Expenses:Food:OfficeLunch              15.90 EUR
    Assets:UK:Revolut:Personal:EUR

2025-09-27 * Beeminder fine
    Expenses:Subscriptions:Software         4.34 EUR
    Assets:UK:Revolut:Personal:EUR

2025-09-27 * Beeminder fine
    Expenses:Subscriptions:Software         4.34 EUR
    Assets:UK:Revolut:Personal:EUR

2025-09-27 * Cafe and pain au chocolat
    Expenses:Food:Snack                        3 EUR
    Assets:UK:Revolut:Personal:EUR

2025-09-28 * Alma Cafe with Aurelie
    Expenses:Food:Cafe                      9.40 EUR
    Assets:UK:Revolut:Personal:EUR

2025-09-28 * Ice Cream
    Expenses:Food:Snack                        4 EUR
    Assets:UK:Revolut:Personal:EUR

2025-09-28 * Cigarettes
    Expenses:Cigarettes                       13 EUR
    Assets:UK:Revolut:Personal:EUR

2025-09-28 * Drinks Le Drapeau
    Expenses:Entertainment:Social:Bars      9.30 EUR
    Assets:UK:Revolut:Personal:EUR

2025-09-29 * Beeminder fine
    Expenses:Subscriptions:Software         4.30 EUR
    Assets:UK:Revolut:Personal:EUR

2025-09-29 * Beeminder fine
    Expenses:Subscriptions:Software         4.30 EUR
    Assets:UK:Revolut:Personal:EUR

2025-09-29 * Beeminder fine
    Expenses:Subscriptions:Software         4.30 EUR
    Assets:UK:Revolut:Personal:EUR

2025-09-29 * Cafe Nuances
    Expenses:Food:Cafe                      4.50 EUR
    Assets:UK:Revolut:Personal:EUR

2025-09-30 * Cafe Nuances
    Expenses:Food:Cafe                      4.50 EUR
    Assets:UK:Revolut:Personal:EUR

2025-09-30 * Drinks Cafe de la Place with Aurelie
    Expenses:Entertainment:Social:Bars        30 EUR
    Assets:UK:Revolut:Personal:EUR

* Amex transactions
2025-09-03 * Refund Tennis Compagnie
    Liabilities:FR:Amex:Gold                70.20 EUR
    Expenses:Shopping:Sport

2025-09-03 * Velib
    Expenses:Transportation:Bikesharing        8 EUR
    Liabilities:FR:Amex:Gold

2025-09-05 * Taxi Umbracle
    Expenses:Transportation:Taxi           18.50 EUR
    Liabilities:FR:Amex:Gold

2025-09-05 * Taxi Umbracle
    Expenses:Transportation:Taxi           15.25 EUR
    Liabilities:FR:Amex:Gold

2025-09-05 * Umbracle ticket
    Expenses:Entertainment:Events             21 EUR
    Liabilities:FR:Amex:Gold

2025-09-05 * R2 Training
    Expenses:Health:Gym                      179 EUR
    Liabilities:FR:Amex:Gold

2025-09-06 * Amex subscription
    Expenses:Finance:CreditCard                  16 EUR
    Liabilities:FR:Amex:Gold

2025-09-06 * Transavia checked luggage for mum
    Expenses:Travel:Flights                   36 EUR
    Liabilities:FR:Amex:Gold                 -36 EUR
    Assets:Receivables:Mum                    36 EUR
    Expenses:Travel:Flights                  -36 EUR

2025-09-08 * Refund Hyrox
    Liabilities:FR:Amex:Gold                 109 EUR
    Expenses:Entertainment:Events:Sports

2025-09-10 * Cake Couvreur office
    Expenses:GiftsCharity:Gifts            61.98 EUR
    Liabilities:FR:Amex:Gold

2025-09-12 * HelloFresh
    Expenses:Food:Groceries                48.94 EUR
    Liabilities:FR:Amex:Gold

2025-09-12 * HelloFresh Amex refund
    Liabilities:FR:Amex:Gold                  10 EUR
    Expenses:Food:Groceries

2025-09-14 * Lunch Marigny
    Expenses:Food:Restaurants              54.50 EUR
    Liabilities:FR:Amex:Gold

2025-09-15 * Dott ride
    Expenses:Transportation:Bikesharing     6.24 EUR
    Liabilities:FR:Amex:Gold

2025-09-15 * Deliveroo Chez Antoine
    Expenses:Food:Delivery                 30.29 EUR
    Liabilities:FR:Amex:Gold

2025-09-16 * Tennis racket TennisPro
    Expenses:Shopping:Sport                  217 EUR
    Liabilities:FR:Amex:Gold

2025-09-18 * French Bastards breakfast
    Expenses:Food:Delivery                 26.65 EUR
    Liabilities:FR:Amex:Gold

2025-09-19 * HelloFresh Amex refund
    Liabilities:FR:Amex:Gold                  10 EUR
    Expenses:Food:Groceries

2025-09-19 * HelloFresh
    Expenses:Food:Groceries                48.94 EUR
    Liabilities:FR:Amex:Gold

2025-09-21 * Dott pass
    Expenses:Transportation:Bikesharing     5.99 EUR
    Liabilities:FR:Amex:Gold

2025-09-21 * Dott ride
    Expenses:Transportation:Bikesharing     1.75 EUR
    Liabilities:FR:Amex:Gold

2025-09-22 * Deliveroo fee
    Expenses:Food:OfficeLunch               2.15 EUR
    Liabilities:FR:Amex:Gold

2025-09-22 * Dott ride
    Expenses:Transportation:Bikesharing     1.75 EUR
    Liabilities:FR:Amex:Gold

2025-09-25 * HelloFresh
    Expenses:Food:Groceries                40.94 EUR
    Liabilities:FR:Amex:Gold

2025-09-25 * HelloFresh
    Expenses:Food:Groceries                    5 EUR
    Liabilities:FR:Amex:Gold

2025-09-26 * Dott ride
    Expenses:Transportation:Bikesharing     1.75 EUR
    Liabilities:FR:Amex:Gold

2025-09-27 * Dott ride
    Expenses:Transportation:Bikesharing     1.75 EUR
    Liabilities:FR:Amex:Gold

2025-09-28 * Nido restaurant
    Expenses:Food:Restaurants                 60 EUR
    Liabilities:FR:Amex:Gold

2025-09-29 * Tennis racket gift
    Expenses:GiftsCharity:Gifts           179.77 EUR
    Liabilities:FR:Amex:Gold

2025-09-30 * Velib
    Expenses:Transportation:Bikesharing       10 EUR
    Liabilities:FR:Amex:Gold

* Other liabilities
2025-09-08 * Match tricount balance for settlement
    Liabilities:Payables:Aurelie        84.24 EUR
    Expenses:Travel:Holidays

2025-09-08 * Buy GBP with Revolut
    Assets:UK:Revolut:Personal:GBP         12.22 GBP @@ 14.15 EUR
    Assets:UK:Revolut:Personal:EUR

2025-09-08 * Pay back Halifax Credit Card
    Liabilities:UK:Halifax:Clarity         12.22 GBP
    Assets:UK:Revolut:Personal:GBP
